%YAML 1.1
%TAG !u! tag:unity3d.com,2011:
--- !u!1001 &100100000
Prefab:
  m_ObjectHideFlags: 1
  serializedVersion: 2
  m_Modification:
    m_TransformParent: {fileID: 0}
    m_Modifications: []
    m_RemovedComponents: []
  m_ParentPrefab: {fileID: 0}
  m_RootGameObject: {fileID: 1000012368871258}
  m_IsPrefabParent: 1
--- !u!1 &1000010477446552
GameObject:
  m_ObjectHideFlags: 0
  m_PrefabParentObject: {fileID: 0}
  m_PrefabInternal: {fileID: 100100000}
  serializedVersion: 4
  m_Component:
  - 4: {fileID: 4000010408266042}
  - 33: {fileID: 33000013013485340}
  - 23: {fileID: 23000012782376550}
  - 136: {fileID: 136000010628700304}
  m_Layer: 10
  m_Name: PareChocBD
  m_TagString: Untagged
  m_Icon: {fileID: 0}
  m_NavMeshLayer: 0
  m_StaticEditorFlags: 0
  m_IsActive: 1
--- !u!1 &1000010678155286
GameObject:
  m_ObjectHideFlags: 1
  m_PrefabParentObject: {fileID: 0}
  m_PrefabInternal: {fileID: 100100000}
  serializedVersion: 4
  m_Component:
  - 4: {fileID: 4000011400172022}
  - 146: {fileID: 146000011498230266}
  m_Layer: 10
  m_Name: WheelFrontR
  m_TagString: Untagged
  m_Icon: {fileID: 0}
  m_NavMeshLayer: 0
  m_StaticEditorFlags: 0
  m_IsActive: 1
--- !u!1 &1000010844534962
GameObject:
  m_ObjectHideFlags: 1
  m_PrefabParentObject: {fileID: 0}
  m_PrefabInternal: {fileID: 100100000}
  serializedVersion: 4
  m_Component:
  - 4: {fileID: 4000011124534762}
  - 146: {fileID: 146000011097053036}
  m_Layer: 10
  m_Name: WheelRearR
  m_TagString: Untagged
  m_Icon: {fileID: 0}
  m_NavMeshLayer: 0
  m_StaticEditorFlags: 0
  m_IsActive: 1
--- !u!1 &1000011317336240
GameObject:
  m_ObjectHideFlags: 0
  m_PrefabParentObject: {fileID: 0}
  m_PrefabInternal: {fileID: 100100000}
  serializedVersion: 4
  m_Component:
  - 4: {fileID: 4000011926765736}
  m_Layer: 10
  m_Name: Wheels
  m_TagString: Untagged
  m_Icon: {fileID: 0}
  m_NavMeshLayer: 0
  m_StaticEditorFlags: 0
  m_IsActive: 1
--- !u!1 &1000011334263086
GameObject:
  m_ObjectHideFlags: 0
  m_PrefabParentObject: {fileID: 0}
  m_PrefabInternal: {fileID: 100100000}
  serializedVersion: 4
  m_Component:
  - 4: {fileID: 4000011345569438}
  - 33: {fileID: 33000013017318172}
  - 23: {fileID: 23000014293211856}
  - 136: {fileID: 136000011690254348}
  m_Layer: 10
  m_Name: PareChocBG
  m_TagString: Untagged
  m_Icon: {fileID: 0}
  m_NavMeshLayer: 0
  m_StaticEditorFlags: 0
  m_IsActive: 1
--- !u!1 &1000012036799858
GameObject:
  m_ObjectHideFlags: 0
  m_PrefabParentObject: {fileID: 0}
  m_PrefabInternal: {fileID: 100100000}
  serializedVersion: 4
  m_Component:
  - 4: {fileID: 4000012130948680}
  - 33: {fileID: 33000012573116228}
  - 23: {fileID: 23000012340876240}
  - 136: {fileID: 136000012698395456}
  m_Layer: 10
  m_Name: PareChocFG
  m_TagString: Untagged
  m_Icon: {fileID: 0}
  m_NavMeshLayer: 0
  m_StaticEditorFlags: 0
  m_IsActive: 1
--- !u!1 &1000012364437922
GameObject:
  m_ObjectHideFlags: 1
  m_PrefabParentObject: {fileID: 0}
  m_PrefabInternal: {fileID: 100100000}
  serializedVersion: 4
  m_Component:
  - 4: {fileID: 4000010628190832}
  - 146: {fileID: 146000010269578094}
  m_Layer: 10
  m_Name: WheelRearL
  m_TagString: Untagged
  m_Icon: {fileID: 0}
  m_NavMeshLayer: 0
  m_StaticEditorFlags: 0
  m_IsActive: 1
--- !u!1 &1000012368871258
GameObject:
  m_ObjectHideFlags: 0
  m_PrefabParentObject: {fileID: 0}
  m_PrefabInternal: {fileID: 100100000}
  serializedVersion: 4
  m_Component:
  - 4: {fileID: 4000012665913742}
  - 33: {fileID: 33000010982187436}
  - 65: {fileID: 65000010552919408}
  - 23: {fileID: 23000012466150576}
  - 54: {fileID: 54000012596454140}
  - 136: {fileID: 136000011943429300}
  - 136: {fileID: 136000011977270606}
  - 136: {fileID: 136000011592294160}
  - 136: {fileID: 136000013450968930}
  m_Layer: 10
  m_Name: Twingo_Rover
  m_TagString: Untagged
  m_Icon: {fileID: 0}
  m_NavMeshLayer: 0
  m_StaticEditorFlags: 0
  m_IsActive: 1
--- !u!1 &1000012923730568
GameObject:
  m_ObjectHideFlags: 0
  m_PrefabParentObject: {fileID: 0}
  m_PrefabInternal: {fileID: 100100000}
  serializedVersion: 4
  m_Component:
  - 4: {fileID: 4000012666276098}
  - 33: {fileID: 33000012283937588}
  - 23: {fileID: 23000012364508042}
  - 136: {fileID: 136000012570030340}
  m_Layer: 10
  m_Name: PareChocFD
  m_TagString: Untagged
  m_Icon: {fileID: 0}
  m_NavMeshLayer: 0
  m_StaticEditorFlags: 0
  m_IsActive: 1
--- !u!1 &1000012935148934
GameObject:
  m_ObjectHideFlags: 1
  m_PrefabParentObject: {fileID: 0}
  m_PrefabInternal: {fileID: 100100000}
  serializedVersion: 4
  m_Component:
  - 4: {fileID: 4000013266711740}
  - 146: {fileID: 146000010654746638}
  m_Layer: 10
  m_Name: WheelFrontL
  m_TagString: Untagged
  m_Icon: {fileID: 0}
  m_NavMeshLayer: 0
  m_StaticEditorFlags: 0
  m_IsActive: 1
--- !u!4 &4000010408266042
Transform:
  m_ObjectHideFlags: 1
  m_PrefabParentObject: {fileID: 0}
  m_PrefabInternal: {fileID: 100100000}
  m_GameObject: {fileID: 1000010477446552}
  m_LocalRotation: {x: -0, y: 0.3066179, z: -0, w: 0.9518327}
  m_LocalPosition: {x: 0.78, y: -0.007999897, z: -2.444}
  m_LocalScale: {x: 0.15074196, y: 0.134, z: 0.06757399}
  m_LocalEulerAnglesHint: {x: 0, y: 0, z: 0}
  m_Children: []
  m_Father: {fileID: 4000012665913742}
  m_RootOrder: 2
--- !u!4 &4000010628190832
Transform:
  m_ObjectHideFlags: 1
  m_PrefabParentObject: {fileID: 0}
  m_PrefabInternal: {fileID: 100100000}
  m_GameObject: {fileID: 1000012364437922}
  m_LocalRotation: {x: 0, y: 0, z: 0, w: 1}
  m_LocalPosition: {x: -5.73, y: -1.75, z: -2.86}
  m_LocalScale: {x: 1, y: 1, z: 1}
  m_LocalEulerAnglesHint: {x: 0, y: 0, z: 0}
  m_Children: []
  m_Father: {fileID: 4000011926765736}
  m_RootOrder: 2
--- !u!4 &4000011124534762
Transform:
  m_ObjectHideFlags: 1
  m_PrefabParentObject: {fileID: 0}
  m_PrefabInternal: {fileID: 100100000}
  m_GameObject: {fileID: 1000010844534962}
  m_LocalRotation: {x: 0, y: 0, z: 0, w: 1}
  m_LocalPosition: {x: 5.46, y: -1.75, z: -2.86}
  m_LocalScale: {x: 1, y: 1, z: 1}
  m_LocalEulerAnglesHint: {x: 0, y: 0, z: 0}
  m_Children: []
  m_Father: {fileID: 4000011926765736}
  m_RootOrder: 3
--- !u!4 &4000011345569438
Transform:
  m_ObjectHideFlags: 1
  m_PrefabParentObject: {fileID: 0}
  m_PrefabInternal: {fileID: 100100000}
  m_GameObject: {fileID: 1000011334263086}
  m_LocalRotation: {x: -0, y: -0.28180516, z: -0, w: 0.9594717}
  m_LocalPosition: {x: -0.951, y: -0.007999897, z: -2.265}
  m_LocalScale: {x: 0.14800286, y: 0.134, z: 0.0663461}
  m_LocalEulerAnglesHint: {x: 0, y: 0, z: 0}
  m_Children: []
  m_Father: {fileID: 4000012665913742}
  m_RootOrder: 1
--- !u!4 &4000011400172022
Transform:
  m_ObjectHideFlags: 1
  m_PrefabParentObject: {fileID: 0}
  m_PrefabInternal: {fileID: 100100000}
  m_GameObject: {fileID: 1000010678155286}
  m_LocalRotation: {x: 0, y: 0, z: 0, w: 1}
  m_LocalPosition: {x: 5.45, y: -1.85, z: 2.44}
  m_LocalScale: {x: 1, y: 1, z: 1}
  m_LocalEulerAnglesHint: {x: 0, y: 0, z: 0}
  m_Children: []
  m_Father: {fileID: 4000011926765736}
  m_RootOrder: 1
--- !u!4 &4000011926765736
Transform:
  m_ObjectHideFlags: 1
  m_PrefabParentObject: {fileID: 0}
  m_PrefabInternal: {fileID: 100100000}
  m_GameObject: {fileID: 1000011317336240}
  m_LocalRotation: {x: -0, y: 0.000000014901159, z: -0, w: 1}
  m_LocalPosition: {x: 0, y: 0, z: 0}
  m_LocalScale: {x: 0.19999996, y: 0.2, z: 0.60000014}
  m_LocalEulerAnglesHint: {x: 0, y: 0, z: 0}
  m_Children:
  - {fileID: 4000013266711740}
  - {fileID: 4000011400172022}
  - {fileID: 4000010628190832}
  - {fileID: 4000011124534762}
  m_Father: {fileID: 4000012665913742}
  m_RootOrder: 0
--- !u!4 &4000012130948680
Transform:
  m_ObjectHideFlags: 1
  m_PrefabParentObject: {fileID: 0}
  m_PrefabInternal: {fileID: 100100000}
  m_GameObject: {fileID: 1000012036799858}
  m_LocalRotation: {x: -0.0008741382, y: -0.9508832, z: 0.000044393084, w: -0.30954883}
  m_LocalPosition: {x: 0.864, y: -0.008, z: 2.154}
  m_LocalScale: {x: 0.20173287, y: 0.13400005, z: 0.080856025}
  m_LocalEulerAnglesHint: {x: 0, y: 0, z: 0}
  m_Children: []
  m_Father: {fileID: 4000012665913742}
  m_RootOrder: 4
--- !u!4 &4000012665913742
Transform:
  m_ObjectHideFlags: 1
  m_PrefabParentObject: {fileID: 0}
  m_PrefabInternal: {fileID: 100100000}
  m_GameObject: {fileID: 1000012368871258}
  m_LocalRotation: {x: 0, y: 0, z: 0, w: 1}
  m_LocalPosition: {x: -250, y: 3.02, z: -291.6}
  m_LocalScale: {x: 1, y: 1, z: 1}
  m_LocalEulerAnglesHint: {x: 0, y: 0, z: 0}
  m_Children:
  - {fileID: 4000011926765736}
  - {fileID: 4000011345569438}
  - {fileID: 4000010408266042}
  - {fileID: 4000012666276098}
  - {fileID: 4000012130948680}
  m_Father: {fileID: 0}
  m_RootOrder: 0
--- !u!4 &4000012666276098
Transform:
  m_ObjectHideFlags: 1
  m_PrefabParentObject: {fileID: 0}
  m_PrefabInternal: {fileID: 100100000}
  m_GameObject: {fileID: 1000012923730568}
  m_LocalRotation: {x: -0.00074774894, y: -0.960335, z: -0.00045492843, w: 0.27884758}
  m_LocalPosition: {x: -0.86, y: -0.01, z: 1.95}
  m_LocalScale: {x: 0.18333903, y: 0.13400005, z: 0.09189245}
  m_LocalEulerAnglesHint: {x: 0, y: 0, z: 0}
  m_Children: []
  m_Father: {fileID: 4000012665913742}
  m_RootOrder: 3
--- !u!4 &4000013266711740
Transform:
  m_ObjectHideFlags: 1
  m_PrefabParentObject: {fileID: 0}
  m_PrefabInternal: {fileID: 100100000}
  m_GameObject: {fileID: 1000012935148934}
  m_LocalRotation: {x: 0, y: 0, z: 0, w: 1}
  m_LocalPosition: {x: -5.64, y: -1.85, z: 2.35}
  m_LocalScale: {x: 1, y: 1, z: 1}
  m_LocalEulerAnglesHint: {x: 0, y: 0, z: 0}
  m_Children: []
  m_Father: {fileID: 4000011926765736}
  m_RootOrder: 0
--- !u!23 &23000012340876240
MeshRenderer:
  m_ObjectHideFlags: 1
  m_PrefabParentObject: {fileID: 0}
  m_PrefabInternal: {fileID: 100100000}
  m_GameObject: {fileID: 1000012036799858}
  m_Enabled: 0
  m_CastShadows: 1
  m_ReceiveShadows: 1
  m_MotionVectors: 1
  m_LightProbeUsage: 1
  m_ReflectionProbeUsage: 1
  m_Materials:
  - {fileID: 10303, guid: 0000000000000000f000000000000000, type: 0}
  m_SubsetIndices: 
  m_StaticBatchRoot: {fileID: 0}
  m_ProbeAnchor: {fileID: 0}
  m_LightProbeVolumeOverride: {fileID: 0}
  m_ScaleInLightmap: 1
  m_PreserveUVs: 1
  m_IgnoreNormalsForChartDetection: 0
  m_ImportantGI: 0
  m_SelectedWireframeHidden: 0
  m_MinimumChartSize: 4
  m_AutoUVMaxDistance: 0.5
  m_AutoUVMaxAngle: 89
  m_LightmapParameters: {fileID: 0}
  m_SortingLayerID: 0
  m_SortingOrder: 0
--- !u!23 &23000012364508042
MeshRenderer:
  m_ObjectHideFlags: 1
  m_PrefabParentObject: {fileID: 0}
  m_PrefabInternal: {fileID: 100100000}
  m_GameObject: {fileID: 1000012923730568}
  m_Enabled: 0
  m_CastShadows: 1
  m_ReceiveShadows: 1
  m_MotionVectors: 1
  m_LightProbeUsage: 1
  m_ReflectionProbeUsage: 1
  m_Materials:
  - {fileID: 10303, guid: 0000000000000000f000000000000000, type: 0}
  m_SubsetIndices: 
  m_StaticBatchRoot: {fileID: 0}
  m_ProbeAnchor: {fileID: 0}
  m_LightProbeVolumeOverride: {fileID: 0}
  m_ScaleInLightmap: 1
  m_PreserveUVs: 1
  m_IgnoreNormalsForChartDetection: 0
  m_ImportantGI: 0
  m_SelectedWireframeHidden: 0
  m_MinimumChartSize: 4
  m_AutoUVMaxDistance: 0.5
  m_AutoUVMaxAngle: 89
  m_LightmapParameters: {fileID: 0}
  m_SortingLayerID: 0
  m_SortingOrder: 0
--- !u!23 &23000012466150576
MeshRenderer:
  m_ObjectHideFlags: 1
  m_PrefabParentObject: {fileID: 0}
  m_PrefabInternal: {fileID: 100100000}
  m_GameObject: {fileID: 1000012368871258}
  m_Enabled: 0
  m_CastShadows: 1
  m_ReceiveShadows: 1
  m_MotionVectors: 1
  m_LightProbeUsage: 1
  m_ReflectionProbeUsage: 1
  m_Materials:
  - {fileID: 10303, guid: 0000000000000000f000000000000000, type: 0}
  m_SubsetIndices: 
  m_StaticBatchRoot: {fileID: 0}
  m_ProbeAnchor: {fileID: 0}
  m_LightProbeVolumeOverride: {fileID: 0}
  m_ScaleInLightmap: 1
  m_PreserveUVs: 1
  m_IgnoreNormalsForChartDetection: 0
  m_ImportantGI: 0
  m_SelectedWireframeHidden: 0
  m_MinimumChartSize: 4
  m_AutoUVMaxDistance: 0.5
  m_AutoUVMaxAngle: 89
  m_LightmapParameters: {fileID: 0}
  m_SortingLayerID: 0
  m_SortingOrder: 0
--- !u!23 &23000012782376550
MeshRenderer:
  m_ObjectHideFlags: 1
  m_PrefabParentObject: {fileID: 0}
  m_PrefabInternal: {fileID: 100100000}
  m_GameObject: {fileID: 1000010477446552}
  m_Enabled: 0
  m_CastShadows: 1
  m_ReceiveShadows: 1
  m_MotionVectors: 1
  m_LightProbeUsage: 1
  m_ReflectionProbeUsage: 1
  m_Materials:
  - {fileID: 10303, guid: 0000000000000000f000000000000000, type: 0}
  m_SubsetIndices: 
  m_StaticBatchRoot: {fileID: 0}
  m_ProbeAnchor: {fileID: 0}
  m_LightProbeVolumeOverride: {fileID: 0}
  m_ScaleInLightmap: 1
  m_PreserveUVs: 1
  m_IgnoreNormalsForChartDetection: 0
  m_ImportantGI: 0
  m_SelectedWireframeHidden: 0
  m_MinimumChartSize: 4
  m_AutoUVMaxDistance: 0.5
  m_AutoUVMaxAngle: 89
  m_LightmapParameters: {fileID: 0}
  m_SortingLayerID: 0
  m_SortingOrder: 0
--- !u!23 &23000014293211856
MeshRenderer:
  m_ObjectHideFlags: 1
  m_PrefabParentObject: {fileID: 0}
  m_PrefabInternal: {fileID: 100100000}
  m_GameObject: {fileID: 1000011334263086}
  m_Enabled: 0
  m_CastShadows: 1
  m_ReceiveShadows: 1
  m_MotionVectors: 1
  m_LightProbeUsage: 1
  m_ReflectionProbeUsage: 1
  m_Materials:
  - {fileID: 10303, guid: 0000000000000000f000000000000000, type: 0}
  m_SubsetIndices: 
  m_StaticBatchRoot: {fileID: 0}
  m_ProbeAnchor: {fileID: 0}
  m_LightProbeVolumeOverride: {fileID: 0}
  m_ScaleInLightmap: 1
  m_PreserveUVs: 1
  m_IgnoreNormalsForChartDetection: 0
  m_ImportantGI: 0
  m_SelectedWireframeHidden: 0
  m_MinimumChartSize: 4
  m_AutoUVMaxDistance: 0.5
  m_AutoUVMaxAngle: 89
  m_LightmapParameters: {fileID: 0}
  m_SortingLayerID: 0
  m_SortingOrder: 0
--- !u!33 &33000010982187436
MeshFilter:
  m_ObjectHideFlags: 1
  m_PrefabParentObject: {fileID: 0}
  m_PrefabInternal: {fileID: 100100000}
  m_GameObject: {fileID: 1000012368871258}
  m_Mesh: {fileID: 10202, guid: 0000000000000000e000000000000000, type: 0}
--- !u!33 &33000012283937588
MeshFilter:
  m_ObjectHideFlags: 1
  m_PrefabParentObject: {fileID: 0}
  m_PrefabInternal: {fileID: 100100000}
  m_GameObject: {fileID: 1000012923730568}
  m_Mesh: {fileID: 10202, guid: 0000000000000000e000000000000000, type: 0}
--- !u!33 &33000012573116228
MeshFilter:
  m_ObjectHideFlags: 1
  m_PrefabParentObject: {fileID: 0}
  m_PrefabInternal: {fileID: 100100000}
  m_GameObject: {fileID: 1000012036799858}
  m_Mesh: {fileID: 10202, guid: 0000000000000000e000000000000000, type: 0}
--- !u!33 &33000013013485340
MeshFilter:
  m_ObjectHideFlags: 1
  m_PrefabParentObject: {fileID: 0}
  m_PrefabInternal: {fileID: 100100000}
  m_GameObject: {fileID: 1000010477446552}
  m_Mesh: {fileID: 10202, guid: 0000000000000000e000000000000000, type: 0}
--- !u!33 &33000013017318172
MeshFilter:
  m_ObjectHideFlags: 1
  m_PrefabParentObject: {fileID: 0}
  m_PrefabInternal: {fileID: 100100000}
  m_GameObject: {fileID: 1000011334263086}
  m_Mesh: {fileID: 10202, guid: 0000000000000000e000000000000000, type: 0}
--- !u!54 &54000012596454140
Rigidbody:
  m_ObjectHideFlags: 1
  m_PrefabParentObject: {fileID: 0}
  m_PrefabInternal: {fileID: 100100000}
  m_GameObject: {fileID: 1000012368871258}
  serializedVersion: 2
  m_Mass: 200
  m_Drag: 0.5
  m_AngularDrag: 0.5
  m_UseGravity: 1
  m_IsKinematic: 1
  m_Interpolate: 0
  m_Constraints: 0
  m_CollisionDetection: 0
--- !u!65 &65000010552919408
BoxCollider:
  m_ObjectHideFlags: 1
  m_PrefabParentObject: {fileID: 0}
  m_PrefabInternal: {fileID: 100100000}
  m_GameObject: {fileID: 1000012368871258}
  m_Material: {fileID: 13400000, guid: c939085f3fde9dc4ebaa4491c8e1a043, type: 2}
  m_IsTrigger: 0
  m_Enabled: 1
  serializedVersion: 2
  m_Size: {x: 1.93, y: 0.41, z: 2.24}
  m_Center: {x: 0, y: -0.21, z: -0.16}
--- !u!136 &136000010628700304
CapsuleCollider:
  m_ObjectHideFlags: 1
  m_PrefabParentObject: {fileID: 0}
  m_PrefabInternal: {fileID: 100100000}
  m_GameObject: {fileID: 1000010477446552}
  m_Material: {fileID: 0}
  m_IsTrigger: 0
  m_Enabled: 1
  m_Radius: 0.97
  m_Height: 4.8
  m_Direction: 1
  m_Center: {x: -0.57, y: 0.0000009536743, z: 2.08}
--- !u!136 &136000011592294160
CapsuleCollider:
  m_ObjectHideFlags: 1
  m_PrefabParentObject: {fileID: 0}
  m_PrefabInternal: {fileID: 100100000}
  m_GameObject: {fileID: 1000012368871258}
  m_Material: {fileID: 0}
  m_IsTrigger: 0
  m_Enabled: 1
  m_Radius: 0.15
  m_Height: 2.08
  m_Direction: 0
  m_Center: {x: 0, y: -0.28, z: 2}
--- !u!136 &136000011690254348
CapsuleCollider:
  m_ObjectHideFlags: 1
  m_PrefabParentObject: {fileID: 0}
  m_PrefabInternal: {fileID: 100100000}
  m_GameObject: {fileID: 1000011334263086}
  m_Material: {fileID: 0}
  m_IsTrigger: 0
  m_Enabled: 1
  m_Radius: 0.77
  m_Height: 3.9
  m_Direction: 1
  m_Center: {x: 0.25, y: -0.3, z: 0.46}
--- !u!136 &136000011943429300
CapsuleCollider:
  m_ObjectHideFlags: 1
  m_PrefabParentObject: {fileID: 0}
  m_PrefabInternal: {fileID: 100100000}
  m_GameObject: {fileID: 1000012368871258}
  m_Material: {fileID: 0}
  m_IsTrigger: 0
  m_Enabled: 1
  m_Radius: 0.15
  m_Height: 2.08
  m_Direction: 0
  m_Center: {x: 0, y: -0.28, z: -2.27}
--- !u!136 &136000011977270606
CapsuleCollider:
  m_ObjectHideFlags: 1
  m_PrefabParentObject: {fileID: 0}
  m_PrefabInternal: {fileID: 100100000}
  m_GameObject: {fileID: 1000012368871258}
  m_Material: {fileID: 0}
  m_IsTrigger: 0
  m_Enabled: 1
  m_Radius: 0.28
  m_Height: 2.08
  m_Direction: 0
  m_Center: {x: 0, y: 0.26, z: -2.03}
--- !u!136 &136000012570030340
CapsuleCollider:
  m_ObjectHideFlags: 1
  m_PrefabParentObject: {fileID: 0}
  m_PrefabInternal: {fileID: 100100000}
  m_GameObject: {fileID: 1000012923730568}
  m_Material: {fileID: 0}
  m_IsTrigger: 0
  m_Enabled: 1
  m_Radius: 0.74
  m_Height: 5.55
  m_Direction: 1
  m_Center: {x: 0, y: -0.88, z: -1.43}
--- !u!136 &136000012698395456
CapsuleCollider:
  m_ObjectHideFlags: 1
  m_PrefabParentObject: {fileID: 0}
  m_PrefabInternal: {fileID: 100100000}
  m_GameObject: {fileID: 1000012036799858}
  m_Material: {fileID: 0}
  m_IsTrigger: 0
  m_Enabled: 1
  m_Radius: 0.72
  m_Height: 5.44
  m_Direction: 1
  m_Center: {x: 0.77, y: -0.97, z: 1.24}
--- !u!136 &136000013450968930
CapsuleCollider:
  m_ObjectHideFlags: 1
  m_PrefabParentObject: {fileID: 0}
  m_PrefabInternal: {fileID: 100100000}
  m_GameObject: {fileID: 1000012368871258}
  m_Material: {fileID: 0}
  m_IsTrigger: 0
  m_Enabled: 1
  m_Radius: 0.15
  m_Height: 2.08
  m_Direction: 0
  m_Center: {x: 0, y: -0.28, z: 2}
--- !u!146 &146000010269578094
WheelCollider:
  m_ObjectHideFlags: 1
  m_PrefabParentObject: {fileID: 0}
  m_PrefabInternal: {fileID: 100100000}
  m_GameObject: {fileID: 1000012364437922}
  m_Center: {x: 0, y: 0, z: 0}
  m_Radius: 1.85
  m_SuspensionSpring:
    spring: 2000
    damper: 4500
    targetPosition: 0
  m_SuspensionDistance: 0.54
  m_ForceAppPointDistance: 0.9
  m_Mass: 20
  m_WheelDampingRate: 30.16
  m_ForwardFriction:
    m_ExtremumSlip: 15
    m_ExtremumValue: 10
    m_AsymptoteSlip: 14.9
    m_AsymptoteValue: 9.9
    m_Stiffness: 1
  m_SidewaysFriction:
    m_ExtremumSlip: 15
    m_ExtremumValue: 10
    m_AsymptoteSlip: 14.9
    m_AsymptoteValue: 9.9
    m_Stiffness: 5
  m_Enabled: 1
--- !u!146 &146000010654746638
WheelCollider:
  m_ObjectHideFlags: 1
  m_PrefabParentObject: {fileID: 0}
  m_PrefabInternal: {fileID: 100100000}
  m_GameObject: {fileID: 1000012935148934}
  m_Center: {x: 0, y: 0, z: 0}
  m_Radius: 1.77
  m_SuspensionSpring:
    spring: 2000
    damper: 4500
    targetPosition: 0
  m_SuspensionDistance: 0.54
  m_ForceAppPointDistance: 0.58
  m_Mass: 20
  m_WheelDampingRate: 30
  m_ForwardFriction:
    m_ExtremumSlip: 15
    m_ExtremumValue: 10
    m_AsymptoteSlip: 14.9
    m_AsymptoteValue: 9.9
    m_Stiffness: 1
  m_SidewaysFriction:
    m_ExtremumSlip: 15
    m_ExtremumValue: 10
    m_AsymptoteSlip: 14.9
    m_AsymptoteValue: 9.9
    m_Stiffness: 5
  m_Enabled: 1
--- !u!146 &146000011097053036
WheelCollider:
  m_ObjectHideFlags: 1
  m_PrefabParentObject: {fileID: 0}
  m_PrefabInternal: {fileID: 100100000}
  m_GameObject: {fileID: 1000010844534962}
  m_Center: {x: 0, y: 0, z: 0}
  m_Radius: 1.85
  m_SuspensionSpring:
    spring: 2000
    damper: 4500
    targetPosition: 0
  m_SuspensionDistance: 0.54
  m_ForceAppPointDistance: 0.9
  m_Mass: 20
  m_WheelDampingRate: 30.16
  m_ForwardFriction:
    m_ExtremumSlip: 15
    m_ExtremumValue: 10
    m_AsymptoteSlip: 14.9
    m_AsymptoteValue: 9.9
    m_Stiffness: 1
  m_SidewaysFriction:
    m_ExtremumSlip: 15
    m_ExtremumValue: 10
    m_AsymptoteSlip: 14.9
    m_AsymptoteValue: 9.9
    m_Stiffness: 5
  m_Enabled: 1
--- !u!146 &146000011498230266
WheelCollider:
  m_ObjectHideFlags: 1
  m_PrefabParentObject: {fileID: 0}
  m_PrefabInternal: {fileID: 100100000}
  m_GameObject: {fileID: 1000010678155286}
  m_Center: {x: 0, y: 0, z: 0}
  m_Radius: 1.77
  m_SuspensionSpring:
    spring: 2000
    damper: 4500
    targetPosition: 0
  m_SuspensionDistance: 0.54
  m_ForceAppPointDistance: 0.58
  m_Mass: 20
  m_WheelDampingRate: 30
  m_ForwardFriction:
    m_ExtremumSlip: 15
    m_ExtremumValue: 10
    m_AsymptoteSlip: 14.9
    m_AsymptoteValue: 9.9
    m_Stiffness: 1
  m_SidewaysFriction:
    m_ExtremumSlip: 15
    m_ExtremumValue: 10
    m_AsymptoteSlip: 14.9
    m_AsymptoteValue: 9.9
    m_Stiffness: 5
  m_Enabled: 1
