%YAML 1.1
%TAG !u! tag:unity3d.com,2011:
--- !u!1001 &100100000
Prefab:
  m_ObjectHideFlags: 1
  serializedVersion: 2
  m_Modification:
    m_TransformParent: {fileID: 0}
    m_Modifications: []
    m_RemovedComponents: []
  m_ParentPrefab: {fileID: 0}
  m_RootGameObject: {fileID: 1000011309434440}
  m_IsPrefabParent: 1
--- !u!1 &1000010202966034
GameObject:
  m_ObjectHideFlags: 1
  m_PrefabParentObject: {fileID: 0}
  m_PrefabInternal: {fileID: 100100000}
  serializedVersion: 4
  m_Component:
  - 4: {fileID: 4000010614686418}
  - 114: {fileID: 114000013415077520}
  m_Layer: 0
  m_Name: CustumCursor
  m_TagString: Untagged
  m_Icon: {fileID: 0}
  m_NavMeshLayer: 0
  m_StaticEditorFlags: 0
  m_IsActive: 1
--- !u!1 &1000010819541942
GameObject:
  m_ObjectHideFlags: 0
  m_PrefabParentObject: {fileID: 0}
  m_PrefabInternal: {fileID: 100100000}
  serializedVersion: 4
  m_Component:
  - 4: {fileID: 4000013459243250}
  m_Layer: 0
  m_Name: ControlCenter
  m_TagString: GameManager
  m_Icon: {fileID: 0}
  m_NavMeshLayer: 0
  m_StaticEditorFlags: 0
  m_IsActive: 1
--- !u!1 &1000010930245388
GameObject:
  m_ObjectHideFlags: 0
  m_PrefabParentObject: {fileID: 0}
  m_PrefabInternal: {fileID: 100100000}
  serializedVersion: 4
  m_Component:
  - 4: {fileID: 4000012263377484}
  - 114: {fileID: 114000011670443858}
  - 114: {fileID: 114000011064469026}
  - 114: {fileID: 114000012606151140}
  - 114: {fileID: 114000013130004370}
  m_Layer: 0
  m_Name: AudioContainer
  m_TagString: Untagged
  m_Icon: {fileID: 0}
  m_NavMeshLayer: 0
  m_StaticEditorFlags: 0
  m_IsActive: 1
--- !u!1 &1000011309434440
GameObject:
  m_ObjectHideFlags: 0
  m_PrefabParentObject: {fileID: 0}
  m_PrefabInternal: {fileID: 100100000}
  serializedVersion: 4
  m_Component:
  - 4: {fileID: 4000012899416014}
  - 114: {fileID: 114000011669361604}
  - 114: {fileID: 114000010608941770}
  - 114: {fileID: 114000012202409114}
  - 114: {fileID: 114000013666133196}
  - 114: {fileID: 114000010410803698}
  - 114: {fileID: 114000010156415192}
  m_Layer: 0
  m_Name: GameControl
  m_TagString: GameManager
  m_Icon: {fileID: 0}
  m_NavMeshLayer: 0
  m_StaticEditorFlags: 0
  m_IsActive: 1
--- !u!1 &1000014065739548
GameObject:
  m_ObjectHideFlags: 1
  m_PrefabParentObject: {fileID: 0}
  m_PrefabInternal: {fileID: 100100000}
  serializedVersion: 4
  m_Component:
  - 4: {fileID: 4000014049943488}
  - 114: {fileID: 114000011252687758}
  m_Layer: 0
  m_Name: AudioContainerEnvir
  m_TagString: Untagged
  m_Icon: {fileID: 0}
  m_NavMeshLayer: 0
  m_StaticEditorFlags: 0
  m_IsActive: 1
--- !u!4 &4000010614686418
Transform:
  m_ObjectHideFlags: 1
  m_PrefabParentObject: {fileID: 0}
  m_PrefabInternal: {fileID: 100100000}
  m_GameObject: {fileID: 1000010202966034}
  m_LocalRotation: {x: 0, y: 0, z: 0, w: 1}
  m_LocalPosition: {x: -527.41943, y: 489.26593, z: -1010.51514}
  m_LocalScale: {x: 1, y: 1, z: 1}
  m_LocalEulerAnglesHint: {x: 0, y: 0, z: 0}
  m_Children: []
  m_Father: {fileID: 4000013459243250}
  m_RootOrder: 0
--- !u!4 &4000012263377484
Transform:
  m_ObjectHideFlags: 1
  m_PrefabParentObject: {fileID: 0}
  m_PrefabInternal: {fileID: 100100000}
  m_GameObject: {fileID: 1000010930245388}
  m_LocalRotation: {x: 0, y: 0, z: 0, w: 1}
  m_LocalPosition: {x: 2964.349, y: -16.169495, z: 905.0647}
  m_LocalScale: {x: 1, y: 1, z: 1}
  m_LocalEulerAnglesHint: {x: 0, y: 0, z: 0}
  m_Children:
  - {fileID: 4000014049943488}
  m_Father: {fileID: 4000012899416014}
  m_RootOrder: 0
--- !u!4 &4000012899416014
Transform:
  m_ObjectHideFlags: 1
  m_PrefabParentObject: {fileID: 0}
  m_PrefabInternal: {fileID: 100100000}
  m_GameObject: {fileID: 1000011309434440}
  m_LocalRotation: {x: 0, y: 0, z: 0, w: 1}
  m_LocalPosition: {x: -2964.3538, y: 10.241953, z: -905.06464}
  m_LocalScale: {x: 1, y: 1, z: 1}
  m_LocalEulerAnglesHint: {x: 0, y: 0, z: 0}
  m_Children:
  - {fileID: 4000012263377484}
  - {fileID: 4000013459243250}
  m_Father: {fileID: 0}
  m_RootOrder: 0
--- !u!4 &4000013459243250
Transform:
  m_ObjectHideFlags: 1
  m_PrefabParentObject: {fileID: 0}
  m_PrefabInternal: {fileID: 100100000}
  m_GameObject: {fileID: 1000010819541942}
  m_LocalRotation: {x: 0, y: 0, z: 0, w: 1}
  m_LocalPosition: {x: 3540.8064, y: -503.5503, z: 915.5796}
  m_LocalScale: {x: 1, y: 1, z: 1}
  m_LocalEulerAnglesHint: {x: 0, y: 0, z: 0}
  m_Children:
  - {fileID: 4000010614686418}
  m_Father: {fileID: 4000012899416014}
  m_RootOrder: 1
--- !u!4 &4000014049943488
Transform:
  m_ObjectHideFlags: 1
  m_PrefabParentObject: {fileID: 0}
  m_PrefabInternal: {fileID: 100100000}
  m_GameObject: {fileID: 1000014065739548}
  m_LocalRotation: {x: 0, y: 0, z: 0, w: 1}
  m_LocalPosition: {x: 0, y: 0, z: 0}
  m_LocalScale: {x: 1, y: 1, z: 1}
  m_LocalEulerAnglesHint: {x: 0, y: 0, z: 0}
  m_Children: []
  m_Father: {fileID: 4000012263377484}
  m_RootOrder: 0
--- !u!114 &114000010156415192
MonoBehaviour:
  m_ObjectHideFlags: 1
  m_PrefabParentObject: {fileID: 0}
  m_PrefabInternal: {fileID: 100100000}
  m_GameObject: {fileID: 1000011309434440}
  m_Enabled: 1
  m_EditorHideFlags: 0
  m_Script: {fileID: 11500000, guid: 7179322370c919f41a1dacf917553dbd, type: 3}
  m_Name: 
  m_EditorClassIdentifier: 
--- !u!114 &114000010410803698
MonoBehaviour:
  m_ObjectHideFlags: 1
  m_PrefabParentObject: {fileID: 0}
  m_PrefabInternal: {fileID: 100100000}
  m_GameObject: {fileID: 1000011309434440}
  m_Enabled: 1
  m_EditorHideFlags: 0
  m_Script: {fileID: 11500000, guid: fd893396f581f964f80cd8022c6e82e8, type: 3}
  m_Name: 
  m_EditorClassIdentifier: 
  skyboxList:
  - {fileID: 0}
  - {fileID: 2100000, guid: 444449d1677c0744a8b008b8491dab5b, type: 2}
  - {fileID: 2100000, guid: 7a22c7f1d5aa84a4ea7017a6e1491348, type: 2}
  - {fileID: 2100000, guid: 3fe5d73605ed68b44a85812d49e7891a, type: 2}
  - {fileID: 2100000, guid: d586b5c380dde1448bca5f7ee589265b, type: 2}
  - {fileID: 2100000, guid: 957c22b1e3e1ef949a7b2369a7b5c373, type: 2}
  - {fileID: 2100000, guid: 957c22b1e3e1ef949a7b2369a7b5c373, type: 2}
  - {fileID: 0}
  sunIntensityList:
  - 1.3
  - 1.1
  - 0.6
  - 1
  - 0.8
  - 0.2
  - 0.2
  skyboxCurrent: {fileID: 2100000, guid: 2c5206a7479dfa7498d08a6ee686a2b5, type: 2}
--- !u!114 &114000010608941770
MonoBehaviour:
  m_ObjectHideFlags: 1
  m_PrefabParentObject: {fileID: 0}
  m_PrefabInternal: {fileID: 100100000}
  m_GameObject: {fileID: 1000011309434440}
  m_Enabled: 1
  m_EditorHideFlags: 0
  m_Script: {fileID: 11500000, guid: 2e4902f458f0c0a44bed366656c81733, type: 3}
  m_Name: 
  m_EditorClassIdentifier: 
  anim:
    serializedVersion: 2
    m_Curve: []
    m_PreInfinity: 2
    m_PostInfinity: 2
    m_RotationOrder: 4
  tempT: 0
  hauteurMer: 0
  collidingGO: 0
  chapitre: 0
  indexlectureActuelle: 0
  indexProgression: 0
  iteration: 0
  gridIncrement: 0
  worldLimit: 0
  navigating: 0
  observation: 0
  collide: 0
  createMesh: 0
  walkBack: 0
  isGrounded: 0
  barresVies: 0
  inventoryMap: 0
  zoneJuliette: 1
  zoneActivation: 0
  displayTexte: 0
  toutLuJuliette: 0
  toutLuMusoirD: 0
  toutLuTraining: 0
  swapAvatar: 0
  firstVisit: 0
  soundPermission: 0
  raydirectionpointer: {x: 0, y: 0, z: 0}
  raydirection: {x: 0, y: 0, z: 0}
  posStart: {x: 0, y: 0, z: 0}
  posWorldLimits: {x: 0, y: 0, z: 0}
  destination: {fileID: 0}
  atterissageList:
  - {fileID: 0}
  - {fileID: 0}
  - {fileID: 0}
  lineRenderTarget: []
  reverbZoneGO: []
  player: {fileID: 0}
  sphereAvatar: {fileID: 0}
  avatarAbstrait: {fileID: 0}
  genericPlayer: {fileID: 0}
  rover: {fileID: 0}
  bipPlayer: {fileID: 0}
  WorldLimits: {fileID: 0}
  underInfluenceAudio: {fileID: 0}
  atterissage: {fileID: 0}
  lookAtMe: {fileID: 0}
  cameraFPS: {fileID: 0}
  cameraActive: {fileID: 0}
--- !u!114 &114000011064469026
MonoBehaviour:
  m_ObjectHideFlags: 1
  m_PrefabParentObject: {fileID: 0}
  m_PrefabInternal: {fileID: 100100000}
  m_GameObject: {fileID: 1000010930245388}
  m_Enabled: 1
  m_EditorHideFlags: 0
  m_Script: {fileID: 11500000, guid: 1a3be83b6e8639c4db8b443682c18756, type: 3}
  m_Name: 
  m_EditorClassIdentifier: 
  matSphereVert: {fileID: 2100000, guid: 42d9103827197f34a91861933ad24e50, type: 2}
  progressLectureListJuliette: []
  progressLectureListTraining: []
  progressLectureList: []
  titreChapitre: []
  totalreverbZoneGOJuliette:
  - {fileID: 0}
  - {fileID: 0}
  - {fileID: 0}
  - {fileID: 0}
  - {fileID: 0}
  - {fileID: 0}
  - {fileID: 0}
  - {fileID: 0}
  - {fileID: 0}
  - {fileID: 0}
  - {fileID: 0}
  - {fileID: 0}
  - {fileID: 0}
  - {fileID: 0}
  - {fileID: 0}
--- !u!114 &114000011252687758
MonoBehaviour:
  m_ObjectHideFlags: 1
  m_PrefabParentObject: {fileID: 0}
  m_PrefabInternal: {fileID: 100100000}
  m_GameObject: {fileID: 1000014065739548}
  m_Enabled: 1
  m_EditorHideFlags: 0
  m_Script: {fileID: 11500000, guid: febb4ce5a5195854cbc232456b56309b, type: 3}
  m_Name: 
  m_EditorClassIdentifier: 
  sonWind: {fileID: 8300000, guid: de5a0b917b09ceb4fb799267d51421f9, type: 3}
  sonPlouf: {fileID: 8300000, guid: 3a3c00d2325b67d4eacf2d2022bd605e, type: 3}
  sonCameraEau: {fileID: 8300000, guid: 9464eec88dea13141b9c2ba1227940e7, type: 3}
  sonFrot: {fileID: 8300000, guid: fb4246bb64091b144aa88899a9cce6a7, type: 3}
  sonMoteurEau: {fileID: 8300000, guid: c21bde230a7f3314eb1ea41532151470, type: 3}
  sonExplosion: {fileID: 8300000, guid: cb360b6a705c99140b0bf01218cb36c5, type: 3}
  sonPloufEtPluie: {fileID: 8300000, guid: 600ed9be0ff53314c8e046028ca20c09, type: 3}
  sonMorph: {fileID: 8300000, guid: 250b9d630de8d2d4f920281d541785f0, type: 3}
  sonImpact: {fileID: 8300000, guid: 187303d9907647c4cba505bdbd2b1306, type: 3}
  sonOnDirait: {fileID: 0}
  sonMerAmbiance: {fileID: 8300000, guid: 8194f8230e9c7e148a9d50f8ebbd60a1, type: 3}
  sonMerBiarritz: {fileID: 8300000, guid: d3c10bfcdedfcf34985c79998edb152a, type: 3}
  sonInterferences: {fileID: 8300000, guid: 6ebc44e28bc26494192c75eb0e869de8, type: 3}
  sonFlipBoard: {fileID: 8300000, guid: cd455213d7dc98045ae257a46240c857, type: 3}
  sonVentSynt: {fileID: 8300000, guid: 12363fb9662ce17419031469a0751ee3, type: 3}
  zoneActivation: {fileID: 8300000, guid: 561aefc0a123d524b92e6bfd915977b4, type: 3}
  ouverturePorte: {fileID: 8300000, guid: d2da8074cc9b5f94d84d7857ab7894af, type: 3}
  fermeturePorte: {fileID: 8300000, guid: c925c4024ec90794c87a66fb0b2af331, type: 3}
  ambianceCave: {fileID: 8300000, guid: 94e336ec9eeef4847a3da94530b744cf, type: 3}
  activationZone: {fileID: 8300000, guid: cbaaec7d95aae8d4193cca1e120ea6f6, type: 3}
  cabaneMorph: {fileID: 8300000, guid: 43eb2e0571c1509448c7f7263b40e3c7, type: 3}
  typeWriter: {fileID: 8300000, guid: ecc1e027ee3b25e48a386f3ae9160b9d, type: 3}
  wheatherClipList:
  - {fileID: 8300000, guid: d3c10bfcdedfcf34985c79998edb152a, type: 3}
  - {fileID: 8300000, guid: 9464eec88dea13141b9c2ba1227940e7, type: 3}
  - {fileID: 8300000, guid: 43de9e37a1b36f64a8455f1f3f7d8ed5, type: 3}
  - {fileID: 8300000, guid: 8e65207f9e4105747949390f09126084, type: 3}
  - {fileID: 8300000, guid: 7331ba78d14287a489ae2cd7608e2d28, type: 3}
  - {fileID: 8300000, guid: de5a0b917b09ceb4fb799267d51421f9, type: 3}
  - {fileID: 8300000, guid: 807bfdf35e028a0418ab87c5a0aeb239, type: 3}
  - {fileID: 8300000, guid: 0ea9095d2a7d0da4b88c47c070a1d68e, type: 3}
  - {fileID: 8300000, guid: 94e336ec9eeef4847a3da94530b744cf, type: 3}
  - {fileID: 8300000, guid: 2d86f48dc5b248c4d86d01b7f3652ba9, type: 3}
  soundCategorie: 0
  coupsList:
  - {fileID: 0}
  - {fileID: 0}
  - {fileID: 0}
  - {fileID: 0}
  - {fileID: 0}
  multipleMax: 0
  newAudio: {fileID: 0}
  pos: {x: 0, y: 0, z: 0}
--- !u!114 &114000011669361604
MonoBehaviour:
  m_ObjectHideFlags: 1
  m_PrefabParentObject: {fileID: 0}
  m_PrefabInternal: {fileID: 100100000}
  m_GameObject: {fileID: 1000011309434440}
  m_Enabled: 1
  m_EditorHideFlags: 0
  m_Script: {fileID: 11500000, guid: 7a457742fdbd7f040b8543f3ae6f74ba, type: 3}
  m_Name: 
  m_EditorClassIdentifier: 
  mouveSpline: 0
  magnetismeIsOn: 0
  collidingGO: {fileID: 0}
  velocity: {x: 0, y: 0, z: 0}
  offsetPlayer: {x: 0, y: 1.8, z: 0}
  directionRB: {x: 0, y: 0, z: 0}
  playerRB: {fileID: 0}
  matLineRenderer: {fileID: 2100000, guid: eb169fed33a5b324c81ed6616877dc41, type: 2}
  playerMatAlpha: {fileID: 2100000, guid: 541eb159411c60842a4beba616d23f39, type: 2}
  indexIdealPlayer: 0
  indexIdealDesti: 0
  indexIdealCamera: 0
  distance: 0
  progression: 0
  distanceSplinePoint: 0
  speedMarche: 0
  aditionalGravity: 0
  pasProgression: 0
  jumpGravity: 0
  speed: 0
  pasProgressionMin: 0
  pasProgressionMax: 0
  pasProgressionIdeal: 0
--- !u!114 &114000011670443858
MonoBehaviour:
  m_ObjectHideFlags: 1
  m_PrefabParentObject: {fileID: 0}
  m_PrefabInternal: {fileID: 100100000}
  m_GameObject: {fileID: 1000010930245388}
  m_Enabled: 1
  m_EditorHideFlags: 0
  m_Script: {fileID: 11500000, guid: 28b0d7e2bf58fcf47b8406d9b7653a62, type: 3}
  m_Name: 
  m_EditorClassIdentifier: 
  clip: {fileID: 0}
  audioSource: {fileID: 0}
  tempAudioS: {fileID: 0}
  audioContainer: {fileID: 1000010930245388}
  reverbGO: []
  oldReverbGOList: []
  reverbZoneJulietteList: []
  reverbzoneMusoirDList: []
  reverbZoneTrainingList: []
  soundBullesList: []
  totalItem: []
  index: 0
  clipLength: 0
  clipSegment: 0
  testing: 0
  indexGlow: 0
  maxDistanceActuel: 0
  lectTimeActuel: 0
  volumeActuel: 0
  influence: 0
--- !u!114 &114000012202409114
MonoBehaviour:
  m_ObjectHideFlags: 1
  m_PrefabParentObject: {fileID: 0}
  m_PrefabInternal: {fileID: 100100000}
  m_GameObject: {fileID: 1000011309434440}
  m_Enabled: 1
  m_EditorHideFlags: 0
  m_Script: {fileID: 11500000, guid: 210a96e08a307c84ebaa568a77e9236d, type: 3}
  m_Name: 
  m_EditorClassIdentifier: 
  cursorTexture: {fileID: 2800000, guid: 6d4bedbc47a837042993889abb2050ba, type: 3}
  cursorMode: 0
  hotSpot: {x: 0, y: 0}
  gestionnaireSons: {fileID: 0}
  matLineRenderer: {fileID: 2100000, guid: 872c9ca86df03ff4a96334a9a6eac34b, type: 2}
--- !u!114 &114000012606151140
MonoBehaviour:
  m_ObjectHideFlags: 1
  m_PrefabParentObject: {fileID: 0}
  m_PrefabInternal: {fileID: 100100000}
  m_GameObject: {fileID: 1000010930245388}
  m_Enabled: 1
  m_EditorHideFlags: 0
  m_Script: {fileID: 11500000, guid: 2d4f756b0e3a5974fb3a87295549ed31, type: 3}
  m_Name: 
  m_EditorClassIdentifier: 
--- !u!114 &114000013130004370
MonoBehaviour:
  m_ObjectHideFlags: 1
  m_PrefabParentObject: {fileID: 0}
  m_PrefabInternal: {fileID: 100100000}
  m_GameObject: {fileID: 1000010930245388}
  m_Enabled: 1
  m_EditorHideFlags: 0
  m_Script: {fileID: 11500000, guid: 1cb56faa3b46bc941bcc1cd73ae630af, type: 3}
  m_Name: 
  m_EditorClassIdentifier: 
--- !u!114 &114000013415077520
MonoBehaviour:
  m_ObjectHideFlags: 1
  m_PrefabParentObject: {fileID: 0}
  m_PrefabInternal: {fileID: 100100000}
  m_GameObject: {fileID: 1000010202966034}
  m_Enabled: 1
  m_EditorHideFlags: 0
  m_Script: {fileID: 11500000, guid: b739afe60cd95114ba4ceee57468602a, type: 3}
  m_Name: 
  m_EditorClassIdentifier: 
  customCursorUp: {fileID: 2800000, guid: b84236154a70e004b95cc58696e9634f, type: 3}
  customCursorDown: {fileID: 2800000, guid: 6d4bedbc47a837042993889abb2050ba, type: 3}
  cursorTexture: {fileID: 0}
  hotspot: {x: 0, y: 0}
  cursorMode: 0
--- !u!114 &114000013666133196
MonoBehaviour:
  m_ObjectHideFlags: 1
  m_PrefabParentObject: {fileID: 0}
  m_PrefabInternal: {fileID: 100100000}
  m_GameObject: {fileID: 1000011309434440}
  m_Enabled: 1
  m_EditorHideFlags: 0
  m_Script: {fileID: 11500000, guid: 74679c7496d48fa4a91591b078ea4c13, type: 3}
  m_Name: 
  m_EditorClassIdentifier: 
  particuleGOList: []
