%YAML 1.1
%TAG !u! tag:unity3d.com,2011:
--- !u!1001 &100100000
Prefab:
  m_ObjectHideFlags: 1
  serializedVersion: 2
  m_Modification:
    m_TransformParent: {fileID: 0}
    m_Modifications: []
    m_RemovedComponents: []
  m_ParentPrefab: {fileID: 0}
  m_RootGameObject: {fileID: 1000011947017638}
  m_IsPrefabParent: 1
--- !u!1 &1000011308688954
GameObject:
  m_ObjectHideFlags: 0
  m_PrefabParentObject: {fileID: 0}
  m_PrefabInternal: {fileID: 100100000}
  serializedVersion: 4
  m_Component:
  - 4: {fileID: 4000014269794106}
  - 137: {fileID: 137000013182281294}
  - 64: {fileID: 64000010242824098}
  m_Layer: 8
  m_Name: ArbreDianHigh
  m_TagString: Arbre
  m_Icon: {fileID: 0}
  m_NavMeshLayer: 0
  m_StaticEditorFlags: 0
  m_IsActive: 1
--- !u!1 &1000011925665804
GameObject:
  m_ObjectHideFlags: 0
  m_PrefabParentObject: {fileID: 0}
  m_PrefabInternal: {fileID: 100100000}
  serializedVersion: 4
  m_Component:
  - 4: {fileID: 4000010231585278}
  m_Layer: 0
  m_Name: Bone013
  m_TagString: Untagged
  m_Icon: {fileID: 0}
  m_NavMeshLayer: 0
  m_StaticEditorFlags: 0
  m_IsActive: 1
--- !u!1 &1000011947017638
GameObject:
  m_ObjectHideFlags: 0
  m_PrefabParentObject: {fileID: 0}
  m_PrefabInternal: {fileID: 100100000}
  serializedVersion: 4
  m_Component:
  - 4: {fileID: 4000012528889002}
  - 95: {fileID: 95000013440015742}
  m_Layer: 0
  m_Name: ArbreDian
  m_TagString: Untagged
  m_Icon: {fileID: 0}
  m_NavMeshLayer: 0
  m_StaticEditorFlags: 0
  m_IsActive: 1
--- !u!1 &1000012614805510
GameObject:
  m_ObjectHideFlags: 1
  m_PrefabParentObject: {fileID: 0}
  m_PrefabInternal: {fileID: 100100000}
  serializedVersion: 4
  m_Component:
  - 4: {fileID: 4000011851084838}
  m_Layer: 0
  m_Name: Bone016
  m_TagString: Untagged
  m_Icon: {fileID: 0}
  m_NavMeshLayer: 0
  m_StaticEditorFlags: 0
  m_IsActive: 1
--- !u!1 &1000014064903432
GameObject:
  m_ObjectHideFlags: 1
  m_PrefabParentObject: {fileID: 0}
  m_PrefabInternal: {fileID: 100100000}
  serializedVersion: 4
  m_Component:
  - 4: {fileID: 4000012575772848}
  m_Layer: 0
  m_Name: Bone017
  m_TagString: Untagged
  m_Icon: {fileID: 0}
  m_NavMeshLayer: 0
  m_StaticEditorFlags: 0
  m_IsActive: 1
--- !u!1 &1000014140612354
GameObject:
  m_ObjectHideFlags: 1
  m_PrefabParentObject: {fileID: 0}
  m_PrefabInternal: {fileID: 100100000}
  serializedVersion: 4
  m_Component:
  - 4: {fileID: 4000011777890444}
  m_Layer: 0
  m_Name: Bone015
  m_TagString: Untagged
  m_Icon: {fileID: 0}
  m_NavMeshLayer: 0
  m_StaticEditorFlags: 0
  m_IsActive: 1
--- !u!1 &1000014195593534
GameObject:
  m_ObjectHideFlags: 1
  m_PrefabParentObject: {fileID: 0}
  m_PrefabInternal: {fileID: 100100000}
  serializedVersion: 4
  m_Component:
  - 4: {fileID: 4000011675380194}
  m_Layer: 0
  m_Name: Bone014
  m_TagString: Untagged
  m_Icon: {fileID: 0}
  m_NavMeshLayer: 0
  m_StaticEditorFlags: 0
  m_IsActive: 1
--- !u!4 &4000010231585278
Transform:
  m_ObjectHideFlags: 1
  m_PrefabParentObject: {fileID: 0}
  m_PrefabInternal: {fileID: 100100000}
  m_GameObject: {fileID: 1000011925665804}
  m_LocalRotation: {x: -0.38719672, y: 0.05330417, z: -0.5916743, w: 0.70509493}
  m_LocalPosition: {x: -0.00000047683716, y: 0, z: 0}
  m_LocalScale: {x: 0.049999997, y: 0.050000016, z: 0.050000004}
  m_LocalEulerAnglesHint: {x: 0, y: 0, z: 0}
  m_Children:
  - {fileID: 4000011675380194}
  m_Father: {fileID: 4000012528889002}
  m_RootOrder: 1
--- !u!4 &4000011675380194
Transform:
  m_ObjectHideFlags: 1
  m_PrefabParentObject: {fileID: 0}
  m_PrefabInternal: {fileID: 100100000}
  m_GameObject: {fileID: 1000014195593534}
  m_LocalRotation: {x: -0.23512933, y: 0.47135785, z: 0.042121265, w: 0.84897697}
  m_LocalPosition: {x: -35.62455, y: -0.000015258789, z: 0}
  m_LocalScale: {x: 0.9999998, y: 1, z: 1.0000002}
  m_LocalEulerAnglesHint: {x: 0, y: 0, z: 0}
  m_Children:
  - {fileID: 4000011777890444}
  m_Father: {fileID: 4000010231585278}
  m_RootOrder: 0
--- !u!4 &4000011777890444
Transform:
  m_ObjectHideFlags: 1
  m_PrefabParentObject: {fileID: 0}
  m_PrefabInternal: {fileID: 100100000}
  m_GameObject: {fileID: 1000014140612354}
  m_LocalRotation: {x: 0.74399984, y: -0.03260948, z: -0.6657796, w: 0.046242855}
  m_LocalPosition: {x: -31.208832, y: 0.000015258789, z: 0.0000038146973}
  m_LocalScale: {x: 1.0000001, y: 1, z: 1.0000002}
  m_LocalEulerAnglesHint: {x: 0, y: 0, z: 0}
  m_Children:
  - {fileID: 4000011851084838}
  m_Father: {fileID: 4000011675380194}
  m_RootOrder: 0
--- !u!4 &4000011851084838
Transform:
  m_ObjectHideFlags: 1
  m_PrefabParentObject: {fileID: 0}
  m_PrefabInternal: {fileID: 100100000}
  m_GameObject: {fileID: 1000012614805510}
  m_LocalRotation: {x: -0.1387062, y: -0.531586, z: -0.5249348, w: 0.6500927}
  m_LocalPosition: {x: -7.4033203, y: 4.4067535, z: 10.731201}
  m_LocalScale: {x: 1.0000001, y: 1.0000001, z: 1.0000002}
  m_LocalEulerAnglesHint: {x: 0, y: 0, z: 0}
  m_Children:
  - {fileID: 4000012575772848}
  m_Father: {fileID: 4000011777890444}
  m_RootOrder: 0
--- !u!4 &4000012528889002
Transform:
  m_ObjectHideFlags: 1
  m_PrefabParentObject: {fileID: 0}
  m_PrefabInternal: {fileID: 100100000}
  m_GameObject: {fileID: 1000011947017638}
  m_LocalRotation: {x: 0, y: -0, z: -0, w: 1}
  m_LocalPosition: {x: -38.68091, y: -3.9748952, z: -219.2616}
  m_LocalScale: {x: 1, y: 1, z: 1}
  m_LocalEulerAnglesHint: {x: 0, y: 0, z: 0}
  m_Children:
  - {fileID: 4000014269794106}
  - {fileID: 4000010231585278}
  m_Father: {fileID: 0}
  m_RootOrder: 0
--- !u!4 &4000012575772848
Transform:
  m_ObjectHideFlags: 1
  m_PrefabParentObject: {fileID: 0}
  m_PrefabInternal: {fileID: 100100000}
  m_GameObject: {fileID: 1000014064903432}
  m_LocalRotation: {x: 0.6776828, y: 0.121837206, z: -0.62985694, w: -0.35941893}
  m_LocalPosition: {x: -40.21215, y: 0.0024414062, z: -0.0009765625}
  m_LocalScale: {x: 1.0000001, y: 0.9999999, z: 0.9999998}
  m_LocalEulerAnglesHint: {x: 0, y: 0, z: 0}
  m_Children: []
  m_Father: {fileID: 4000011851084838}
  m_RootOrder: 0
--- !u!4 &4000014269794106
Transform:
  m_ObjectHideFlags: 1
  m_PrefabParentObject: {fileID: 0}
  m_PrefabInternal: {fileID: 100100000}
  m_GameObject: {fileID: 1000011308688954}
  m_LocalRotation: {x: -0.7071068, y: 0, z: -0, w: 0.7071067}
  m_LocalPosition: {x: -0.00000047683716, y: 0, z: 0}
  m_LocalScale: {x: 0.050000012, y: 0.050000012, z: 0.050000012}
  m_LocalEulerAnglesHint: {x: 0, y: 0, z: 0}
  m_Children: []
  m_Father: {fileID: 4000012528889002}
  m_RootOrder: 0
--- !u!64 &64000010242824098
MeshCollider:
  m_ObjectHideFlags: 1
  m_PrefabParentObject: {fileID: 0}
  m_PrefabInternal: {fileID: 100100000}
  m_GameObject: {fileID: 1000011308688954}
  m_Material: {fileID: 0}
  m_IsTrigger: 0
  m_Enabled: 1
  serializedVersion: 2
  m_Convex: 0
  m_Mesh: {fileID: 4300000, guid: 357fee6e8af35894fadec8a53f47eb26, type: 3}
--- !u!95 &95000013440015742
Animator:
  serializedVersion: 3
  m_ObjectHideFlags: 1
  m_PrefabParentObject: {fileID: 0}
  m_PrefabInternal: {fileID: 100100000}
  m_GameObject: {fileID: 1000011947017638}
  m_Enabled: 1
  m_Avatar: {fileID: 9000000, guid: 357fee6e8af35894fadec8a53f47eb26, type: 3}
  m_Controller: {fileID: 9100000, guid: aa2b8811abffbf74cb6bdd0899354ced, type: 2}
  m_CullingMode: 1
  m_UpdateMode: 0
  m_ApplyRootMotion: 0
  m_LinearVelocityBlending: 0
  m_WarningMessage: 
  m_HasTransformHierarchy: 1
  m_AllowConstantClipSamplingOptimization: 1
--- !u!137 &137000013182281294
SkinnedMeshRenderer:
  m_ObjectHideFlags: 1
  m_PrefabParentObject: {fileID: 0}
  m_PrefabInternal: {fileID: 100100000}
  m_GameObject: {fileID: 1000011308688954}
  m_Enabled: 1
  m_CastShadows: 1
  m_ReceiveShadows: 1
  m_MotionVectors: 1
  m_LightProbeUsage: 1
  m_ReflectionProbeUsage: 1
  m_Materials:
  - {fileID: 2100000, guid: 0fc528e06c5f9db4c8559866a84f2f02, type: 2}
  m_SubsetIndices: 
  m_StaticBatchRoot: {fileID: 0}
  m_ProbeAnchor: {fileID: 0}
  m_LightProbeVolumeOverride: {fileID: 0}
  m_ScaleInLightmap: 1
  m_PreserveUVs: 0
  m_IgnoreNormalsForChartDetection: 0
  m_ImportantGI: 0
  m_SelectedWireframeHidden: 0
  m_MinimumChartSize: 4
  m_AutoUVMaxDistance: 0.5
  m_AutoUVMaxAngle: 89
  m_LightmapParameters: {fileID: 0}
  m_SortingLayerID: 0
  m_SortingOrder: 0
  serializedVersion: 2
  m_Quality: 0
  m_UpdateWhenOffscreen: 0
  m_SkinnedMotionVectors: 1
  m_Mesh: {fileID: 4300000, guid: 357fee6e8af35894fadec8a53f47eb26, type: 3}
  m_Bones:
  - {fileID: 4000011675380194}
  - {fileID: 4000011851084838}
  - {fileID: 4000010231585278}
  - {fileID: 4000011777890444}
  - {fileID: 4000012575772848}
  m_BlendShapeWeights: []
  m_RootBone: {fileID: 4000010231585278}
  m_AABB:
    m_Center: {x: -36.69796, y: 1.9378529, z: 20.292553}
    m_Extent: {x: 46.19909, y: 45.12612, z: 40.535393}
  m_DirtyAABB: 0
