%YAML 1.1
%TAG !u! tag:unity3d.com,2011:
--- !u!1001 &100100000
Prefab:
  m_ObjectHideFlags: 1
  serializedVersion: 2
  m_Modification:
    m_TransformParent: {fileID: 0}
    m_Modifications: []
    m_RemovedComponents: []
  m_ParentPrefab: {fileID: 0}
  m_RootGameObject: {fileID: 1000010480324960}
  m_IsPrefabParent: 1
--- !u!1 &1000010377809266
GameObject:
  m_ObjectHideFlags: 1
  m_PrefabParentObject: {fileID: 0}
  m_PrefabInternal: {fileID: 100100000}
  serializedVersion: 4
  m_Component:
  - 4: {fileID: 4000014036856848}
  m_Layer: 0
  m_Name: Bone057
  m_TagString: Untagged
  m_Icon: {fileID: 0}
  m_NavMeshLayer: 0
  m_StaticEditorFlags: 0
  m_IsActive: 1
--- !u!1 &1000010480324960
GameObject:
  m_ObjectHideFlags: 0
  m_PrefabParentObject: {fileID: 0}
  m_PrefabInternal: {fileID: 100100000}
  serializedVersion: 4
  m_Component:
  - 4: {fileID: 4000010711484730}
  - 95: {fileID: 95000013621042820}
  m_Layer: 0
  m_Name: ArbreLight
  m_TagString: Untagged
  m_Icon: {fileID: 0}
  m_NavMeshLayer: 0
  m_StaticEditorFlags: 0
  m_IsActive: 1
--- !u!1 &1000011621624542
GameObject:
  m_ObjectHideFlags: 1
  m_PrefabParentObject: {fileID: 0}
  m_PrefabInternal: {fileID: 100100000}
  serializedVersion: 4
  m_Component:
  - 4: {fileID: 4000010147425592}
  m_Layer: 0
  m_Name: Bone058
  m_TagString: Untagged
  m_Icon: {fileID: 0}
  m_NavMeshLayer: 0
  m_StaticEditorFlags: 0
  m_IsActive: 1
--- !u!1 &1000013027127800
GameObject:
  m_ObjectHideFlags: 1
  m_PrefabParentObject: {fileID: 0}
  m_PrefabInternal: {fileID: 100100000}
  serializedVersion: 4
  m_Component:
  - 4: {fileID: 4000012536813906}
  m_Layer: 0
  m_Name: Bone056
  m_TagString: Untagged
  m_Icon: {fileID: 0}
  m_NavMeshLayer: 0
  m_StaticEditorFlags: 0
  m_IsActive: 1
--- !u!1 &1000013276955878
GameObject:
  m_ObjectHideFlags: 0
  m_PrefabParentObject: {fileID: 0}
  m_PrefabInternal: {fileID: 100100000}
  serializedVersion: 4
  m_Component:
  - 4: {fileID: 4000010054033940}
  - 137: {fileID: 137000010717389058}
  - 64: {fileID: 64000014259573018}
  m_Layer: 8
  m_Name: ArbreLight
  m_TagString: Arbre
  m_Icon: {fileID: 0}
  m_NavMeshLayer: 0
  m_StaticEditorFlags: 0
  m_IsActive: 1
--- !u!1 &1000013838756280
GameObject:
  m_ObjectHideFlags: 1
  m_PrefabParentObject: {fileID: 0}
  m_PrefabInternal: {fileID: 100100000}
  serializedVersion: 4
  m_Component:
  - 4: {fileID: 4000013183151090}
  m_Layer: 0
  m_Name: Bone055
  m_TagString: Untagged
  m_Icon: {fileID: 0}
  m_NavMeshLayer: 0
  m_StaticEditorFlags: 0
  m_IsActive: 1
--- !u!1 &1000013929202826
GameObject:
  m_ObjectHideFlags: 0
  m_PrefabParentObject: {fileID: 0}
  m_PrefabInternal: {fileID: 100100000}
  serializedVersion: 4
  m_Component:
  - 4: {fileID: 4000011904969660}
  m_Layer: 0
  m_Name: Bone053
  m_TagString: Untagged
  m_Icon: {fileID: 0}
  m_NavMeshLayer: 0
  m_StaticEditorFlags: 0
  m_IsActive: 1
--- !u!1 &1000014162852086
GameObject:
  m_ObjectHideFlags: 1
  m_PrefabParentObject: {fileID: 0}
  m_PrefabInternal: {fileID: 100100000}
  serializedVersion: 4
  m_Component:
  - 4: {fileID: 4000011080933584}
  m_Layer: 0
  m_Name: Bone054
  m_TagString: Untagged
  m_Icon: {fileID: 0}
  m_NavMeshLayer: 0
  m_StaticEditorFlags: 0
  m_IsActive: 1
--- !u!4 &4000010054033940
Transform:
  m_ObjectHideFlags: 1
  m_PrefabParentObject: {fileID: 0}
  m_PrefabInternal: {fileID: 100100000}
  m_GameObject: {fileID: 1000013276955878}
  m_LocalRotation: {x: -0.7071068, y: 0, z: -0, w: 0.7071067}
  m_LocalPosition: {x: -0.0000009536743, y: 0.00000047683716, z: 0.0000019073486}
  m_LocalScale: {x: 0.039900348, y: 0.03990035, z: 0.039900348}
  m_LocalEulerAnglesHint: {x: 0, y: 0, z: 0}
  m_Children: []
  m_Father: {fileID: 4000010711484730}
  m_RootOrder: 0
--- !u!4 &4000010147425592
Transform:
  m_ObjectHideFlags: 1
  m_PrefabParentObject: {fileID: 0}
  m_PrefabInternal: {fileID: 100100000}
  m_GameObject: {fileID: 1000011621624542}
  m_LocalRotation: {x: -0.00000004284084, y: 0.000000040978193, z: 0.000000038417056,
    w: 1}
  m_LocalPosition: {x: -61.23413, y: 0.000061035156, z: 0.000015258789}
  m_LocalScale: {x: 1, y: 1, z: 1}
  m_LocalEulerAnglesHint: {x: 0, y: 0, z: 0}
  m_Children: []
  m_Father: {fileID: 4000014036856848}
  m_RootOrder: 0
--- !u!4 &4000010711484730
Transform:
  m_ObjectHideFlags: 1
  m_PrefabParentObject: {fileID: 0}
  m_PrefabInternal: {fileID: 100100000}
  m_GameObject: {fileID: 1000010480324960}
  m_LocalRotation: {x: 0, y: -0, z: -0, w: 1}
  m_LocalPosition: {x: -49.855324, y: -2.8224683, z: -210.19016}
  m_LocalScale: {x: 1, y: 1, z: 1}
  m_LocalEulerAnglesHint: {x: 0, y: 0, z: 0}
  m_Children:
  - {fileID: 4000010054033940}
  - {fileID: 4000011904969660}
  m_Father: {fileID: 0}
  m_RootOrder: 0
--- !u!4 &4000011080933584
Transform:
  m_ObjectHideFlags: 1
  m_PrefabParentObject: {fileID: 0}
  m_PrefabInternal: {fileID: 100100000}
  m_GameObject: {fileID: 1000014162852086}
  m_LocalRotation: {x: -0.75543433, y: -0.07368462, z: 0.061685592, w: 0.64813924}
  m_LocalPosition: {x: -27.669601, y: -0.000030517578, z: 0.0001373291}
  m_LocalScale: {x: 0.9999998, y: 0.9999997, z: 0.99999976}
  m_LocalEulerAnglesHint: {x: 0, y: 0, z: 0}
  m_Children: []
  m_Father: {fileID: 4000011904969660}
  m_RootOrder: 0
--- !u!4 &4000011904969660
Transform:
  m_ObjectHideFlags: 1
  m_PrefabParentObject: {fileID: 0}
  m_PrefabInternal: {fileID: 100100000}
  m_GameObject: {fileID: 1000013929202826}
  m_LocalRotation: {x: 0.53649986, y: -0.5362434, z: -0.49018508, w: 0.4293362}
  m_LocalPosition: {x: -0.042951822, y: 0.02733016, z: -0.044718742}
  m_LocalScale: {x: 0.039900366, y: 0.039900336, z: 0.039900336}
  m_LocalEulerAnglesHint: {x: 0, y: 0, z: 0}
  m_Children:
  - {fileID: 4000011080933584}
  - {fileID: 4000013183151090}
  - {fileID: 4000014036856848}
  m_Father: {fileID: 4000010711484730}
  m_RootOrder: 1
--- !u!4 &4000012536813906
Transform:
  m_ObjectHideFlags: 1
  m_PrefabParentObject: {fileID: 0}
  m_PrefabInternal: {fileID: 100100000}
  m_GameObject: {fileID: 1000013027127800}
  m_LocalRotation: {x: 5.684342e-14, y: -2.842171e-14, z: -0.0000000065189676, w: 1}
  m_LocalPosition: {x: -54.083282, y: 0.000019073486, z: 0}
  m_LocalScale: {x: 1, y: 0.99999994, z: 0.9999998}
  m_LocalEulerAnglesHint: {x: 0, y: 0, z: 0}
  m_Children: []
  m_Father: {fileID: 4000013183151090}
  m_RootOrder: 0
--- !u!4 &4000013183151090
Transform:
  m_ObjectHideFlags: 1
  m_PrefabParentObject: {fileID: 0}
  m_PrefabInternal: {fileID: 100100000}
  m_GameObject: {fileID: 1000013838756280}
  m_LocalRotation: {x: 0.46301484, y: -0.50308764, z: -0.4631352, w: 0.56393784}
  m_LocalPosition: {x: -27.669601, y: -0.000030517578, z: -0.0000019073486}
  m_LocalScale: {x: 0.99999946, y: 0.99999976, z: 0.99999976}
  m_LocalEulerAnglesHint: {x: 0, y: 0, z: 0}
  m_Children:
  - {fileID: 4000012536813906}
  m_Father: {fileID: 4000011904969660}
  m_RootOrder: 1
--- !u!4 &4000014036856848
Transform:
  m_ObjectHideFlags: 1
  m_PrefabParentObject: {fileID: 0}
  m_PrefabInternal: {fileID: 100100000}
  m_GameObject: {fileID: 1000010377809266}
  m_LocalRotation: {x: -0.072267644, y: -0.64210105, z: 0.082431056, w: 0.7587416}
  m_LocalPosition: {x: -27.669617, y: -0.000061035156, z: 0.000024795532}
  m_LocalScale: {x: 0.99999976, y: 0.9999999, z: 0.9999999}
  m_LocalEulerAnglesHint: {x: 0, y: 0, z: 0}
  m_Children:
  - {fileID: 4000010147425592}
  m_Father: {fileID: 4000011904969660}
  m_RootOrder: 2
--- !u!64 &64000014259573018
MeshCollider:
  m_ObjectHideFlags: 1
  m_PrefabParentObject: {fileID: 0}
  m_PrefabInternal: {fileID: 100100000}
  m_GameObject: {fileID: 1000013276955878}
  m_Material: {fileID: 0}
  m_IsTrigger: 0
  m_Enabled: 1
  serializedVersion: 2
  m_Convex: 0
  m_Mesh: {fileID: 4300000, guid: 41e67cbcba4d49e4d8c63a6b336d55fe, type: 3}
--- !u!95 &95000013621042820
Animator:
  serializedVersion: 3
  m_ObjectHideFlags: 1
  m_PrefabParentObject: {fileID: 0}
  m_PrefabInternal: {fileID: 100100000}
  m_GameObject: {fileID: 1000010480324960}
  m_Enabled: 1
  m_Avatar: {fileID: 9000000, guid: 41e67cbcba4d49e4d8c63a6b336d55fe, type: 3}
  m_Controller: {fileID: 9100000, guid: 6e73797880fce3645b5c6535e9bd5816, type: 2}
  m_CullingMode: 1
  m_UpdateMode: 0
  m_ApplyRootMotion: 0
  m_LinearVelocityBlending: 0
  m_WarningMessage: 
  m_HasTransformHierarchy: 1
  m_AllowConstantClipSamplingOptimization: 1
--- !u!137 &137000010717389058
SkinnedMeshRenderer:
  m_ObjectHideFlags: 1
  m_PrefabParentObject: {fileID: 0}
  m_PrefabInternal: {fileID: 100100000}
  m_GameObject: {fileID: 1000013276955878}
  m_Enabled: 1
  m_CastShadows: 1
  m_ReceiveShadows: 1
  m_MotionVectors: 1
  m_LightProbeUsage: 1
  m_ReflectionProbeUsage: 1
  m_Materials:
  - {fileID: 2100000, guid: 7165f26d521a02a41805b5d54bf57ef3, type: 2}
  m_SubsetIndices: 
  m_StaticBatchRoot: {fileID: 0}
  m_ProbeAnchor: {fileID: 0}
  m_LightProbeVolumeOverride: {fileID: 0}
  m_ScaleInLightmap: 1
  m_PreserveUVs: 0
  m_IgnoreNormalsForChartDetection: 0
  m_ImportantGI: 0
  m_SelectedWireframeHidden: 0
  m_MinimumChartSize: 4
  m_AutoUVMaxDistance: 0.5
  m_AutoUVMaxAngle: 89
  m_LightmapParameters: {fileID: 0}
  m_SortingLayerID: 0
  m_SortingOrder: 0
  serializedVersion: 2
  m_Quality: 0
  m_UpdateWhenOffscreen: 0
  m_SkinnedMotionVectors: 1
  m_Mesh: {fileID: 4300000, guid: 41e67cbcba4d49e4d8c63a6b336d55fe, type: 3}
  m_Bones:
  - {fileID: 4000014036856848}
  - {fileID: 4000011904969660}
  - {fileID: 4000013183151090}
  - {fileID: 4000011080933584}
  m_BlendShapeWeights: []
  m_RootBone: {fileID: 4000011904969660}
  m_AABB:
    m_Center: {x: -33.534145, y: -1.521759, z: -15.1032295}
    m_Extent: {x: 37.655697, y: 39.212875, z: 35.990715}
  m_DirtyAABB: 0
