%YAML 1.1
%TAG !u! tag:unity3d.com,2011:
--- !u!1001 &100100000
Prefab:
  m_ObjectHideFlags: 1
  serializedVersion: 2
  m_Modification:
    m_TransformParent: {fileID: 0}
    m_Modifications: []
    m_RemovedComponents: []
  m_ParentPrefab: {fileID: 0}
  m_RootGameObject: {fileID: 1000012702533962}
  m_IsPrefabParent: 1
--- !u!1 &1000011411085966
GameObject:
  m_ObjectHideFlags: 1
  m_PrefabParentObject: {fileID: 0}
  m_PrefabInternal: {fileID: 100100000}
  serializedVersion: 4
  m_Component:
  - 4: {fileID: 4000010036039998}
  m_Layer: 0
  m_Name: Bone062
  m_TagString: Untagged
  m_Icon: {fileID: 0}
  m_NavMeshLayer: 0
  m_StaticEditorFlags: 0
  m_IsActive: 1
--- !u!1 &1000012702533962
GameObject:
  m_ObjectHideFlags: 0
  m_PrefabParentObject: {fileID: 0}
  m_PrefabInternal: {fileID: 100100000}
  serializedVersion: 4
  m_Component:
  - 4: {fileID: 4000011074439710}
  - 95: {fileID: 95000011928498084}
  m_Layer: 0
  m_Name: ArbreLisa
  m_TagString: Untagged
  m_Icon: {fileID: 0}
  m_NavMeshLayer: 0
  m_StaticEditorFlags: 0
  m_IsActive: 1
--- !u!1 &1000013629434790
GameObject:
  m_ObjectHideFlags: 1
  m_PrefabParentObject: {fileID: 0}
  m_PrefabInternal: {fileID: 100100000}
  serializedVersion: 4
  m_Component:
  - 4: {fileID: 4000010273309856}
  m_Layer: 0
  m_Name: Bone060
  m_TagString: Untagged
  m_Icon: {fileID: 0}
  m_NavMeshLayer: 0
  m_StaticEditorFlags: 0
  m_IsActive: 1
--- !u!1 &1000013686299890
GameObject:
  m_ObjectHideFlags: 1
  m_PrefabParentObject: {fileID: 0}
  m_PrefabInternal: {fileID: 100100000}
  serializedVersion: 4
  m_Component:
  - 4: {fileID: 4000012546706068}
  m_Layer: 0
  m_Name: Bone063
  m_TagString: Untagged
  m_Icon: {fileID: 0}
  m_NavMeshLayer: 0
  m_StaticEditorFlags: 0
  m_IsActive: 1
--- !u!1 &1000014088082906
GameObject:
  m_ObjectHideFlags: 0
  m_PrefabParentObject: {fileID: 0}
  m_PrefabInternal: {fileID: 100100000}
  serializedVersion: 4
  m_Component:
  - 4: {fileID: 4000011121876272}
  m_Layer: 0
  m_Name: Bone059
  m_TagString: Untagged
  m_Icon: {fileID: 0}
  m_NavMeshLayer: 0
  m_StaticEditorFlags: 0
  m_IsActive: 1
--- !u!1 &1000014227347206
GameObject:
  m_ObjectHideFlags: 0
  m_PrefabParentObject: {fileID: 0}
  m_PrefabInternal: {fileID: 100100000}
  serializedVersion: 4
  m_Component:
  - 4: {fileID: 4000010571262568}
  - 137: {fileID: 137000012802276260}
  - 64: {fileID: 64000012035932798}
  m_Layer: 8
  m_Name: ArbreLisaHigh
  m_TagString: Arbre
  m_Icon: {fileID: 0}
  m_NavMeshLayer: 0
  m_StaticEditorFlags: 0
  m_IsActive: 1
--- !u!1 &1000014253763708
GameObject:
  m_ObjectHideFlags: 1
  m_PrefabParentObject: {fileID: 0}
  m_PrefabInternal: {fileID: 100100000}
  serializedVersion: 4
  m_Component:
  - 4: {fileID: 4000010321066488}
  m_Layer: 0
  m_Name: Bone061
  m_TagString: Untagged
  m_Icon: {fileID: 0}
  m_NavMeshLayer: 0
  m_StaticEditorFlags: 0
  m_IsActive: 1
--- !u!4 &4000010036039998
Transform:
  m_ObjectHideFlags: 1
  m_PrefabParentObject: {fileID: 0}
  m_PrefabInternal: {fileID: 100100000}
  m_GameObject: {fileID: 1000011411085966}
  m_LocalRotation: {x: -0.27889886, y: -0.44123814, z: 0.6861515, w: 0.50667596}
  m_LocalPosition: {x: -39.63124, y: -0.0000019073486, z: -0.000015258789}
  m_LocalScale: {x: 0.9999999, y: 0.99999994, z: 0.99999976}
  m_LocalEulerAnglesHint: {x: 0, y: 0, z: 0}
  m_Children:
  - {fileID: 4000012546706068}
  m_Father: {fileID: 4000010321066488}
  m_RootOrder: 0
--- !u!4 &4000010273309856
Transform:
  m_ObjectHideFlags: 1
  m_PrefabParentObject: {fileID: 0}
  m_PrefabInternal: {fileID: 100100000}
  m_GameObject: {fileID: 1000013629434790}
  m_LocalRotation: {x: 0.91858435, y: 0.040913474, z: -0.098773114, w: -0.38049018}
  m_LocalPosition: {x: -27.855343, y: 0.0000076293945, z: 0}
  m_LocalScale: {x: 0.99999946, y: 0.9999998, z: 0.9999999}
  m_LocalEulerAnglesHint: {x: 0, y: 0, z: 0}
  m_Children:
  - {fileID: 4000010321066488}
  m_Father: {fileID: 4000011121876272}
  m_RootOrder: 0
--- !u!4 &4000010321066488
Transform:
  m_ObjectHideFlags: 1
  m_PrefabParentObject: {fileID: 0}
  m_PrefabInternal: {fileID: 100100000}
  m_GameObject: {fileID: 1000014253763708}
  m_LocalRotation: {x: 0.923736, y: 0.07475559, z: -0.016280552, w: 0.37531108}
  m_LocalPosition: {x: -21.7995, y: -0.0000076293945, z: -0.000015258789}
  m_LocalScale: {x: 1.0000006, y: 1.0000002, z: 1.0000004}
  m_LocalEulerAnglesHint: {x: 0, y: 0, z: 0}
  m_Children:
  - {fileID: 4000010036039998}
  m_Father: {fileID: 4000010273309856}
  m_RootOrder: 0
--- !u!4 &4000010571262568
Transform:
  m_ObjectHideFlags: 1
  m_PrefabParentObject: {fileID: 0}
  m_PrefabInternal: {fileID: 100100000}
  m_GameObject: {fileID: 1000014227347206}
  m_LocalRotation: {x: -0.7071068, y: 0, z: -0, w: 0.7071067}
  m_LocalPosition: {x: -0.0000009536743, y: 0.00000166893, z: 0.000002861023}
  m_LocalScale: {x: 0.06962512, y: 0.069625124, z: 0.06962512}
  m_LocalEulerAnglesHint: {x: 0, y: 0, z: 0}
  m_Children: []
  m_Father: {fileID: 4000011074439710}
  m_RootOrder: 0
--- !u!4 &4000011074439710
Transform:
  m_ObjectHideFlags: 1
  m_PrefabParentObject: {fileID: 0}
  m_PrefabInternal: {fileID: 100100000}
  m_GameObject: {fileID: 1000012702533962}
  m_LocalRotation: {x: 0.00000006657903, y: -0, z: -0, w: 1}
  m_LocalPosition: {x: -42.0181, y: -2.590976, z: -211.08473}
  m_LocalScale: {x: 1, y: 1, z: 1}
  m_LocalEulerAnglesHint: {x: 0, y: 0, z: 0}
  m_Children:
  - {fileID: 4000010571262568}
  - {fileID: 4000011121876272}
  m_Father: {fileID: 0}
  m_RootOrder: 0
--- !u!4 &4000011121876272
Transform:
  m_ObjectHideFlags: 1
  m_PrefabParentObject: {fileID: 0}
  m_PrefabInternal: {fileID: 100100000}
  m_GameObject: {fileID: 1000014088082906}
  m_LocalRotation: {x: -0.70710665, y: 0.7071067, z: -0.00009301541, w: -0.00048226022}
  m_LocalPosition: {x: -0.0000009536743, y: 0.00000166893, z: 0.000002861023}
  m_LocalScale: {x: 0.06962508, y: 0.06962513, z: 0.069625095}
  m_LocalEulerAnglesHint: {x: 0, y: 0, z: 0}
  m_Children:
  - {fileID: 4000010273309856}
  m_Father: {fileID: 4000011074439710}
  m_RootOrder: 1
--- !u!4 &4000012546706068
Transform:
  m_ObjectHideFlags: 1
  m_PrefabParentObject: {fileID: 0}
  m_PrefabInternal: {fileID: 100100000}
  m_GameObject: {fileID: 1000013686299890}
  m_LocalRotation: {x: 3.3306683e-16, y: 0.000000014901159, z: -0.00000002235174,
    w: 1}
  m_LocalPosition: {x: -57.954674, y: -0.000015258789, z: -0.0000076293945}
  m_LocalScale: {x: 1.0000001, y: 1.0000001, z: 1.0000001}
  m_LocalEulerAnglesHint: {x: 0, y: 0, z: 0}
  m_Children: []
  m_Father: {fileID: 4000010036039998}
  m_RootOrder: 0
--- !u!64 &64000012035932798
MeshCollider:
  m_ObjectHideFlags: 1
  m_PrefabParentObject: {fileID: 0}
  m_PrefabInternal: {fileID: 100100000}
  m_GameObject: {fileID: 1000014227347206}
  m_Material: {fileID: 0}
  m_IsTrigger: 0
  m_Enabled: 1
  serializedVersion: 2
  m_Convex: 0
  m_Mesh: {fileID: 4300000, guid: f2452ff2854a9ed4cb6126a38e3c6eee, type: 3}
--- !u!95 &95000011928498084
Animator:
  serializedVersion: 3
  m_ObjectHideFlags: 1
  m_PrefabParentObject: {fileID: 0}
  m_PrefabInternal: {fileID: 100100000}
  m_GameObject: {fileID: 1000012702533962}
  m_Enabled: 1
  m_Avatar: {fileID: 9000000, guid: f2452ff2854a9ed4cb6126a38e3c6eee, type: 3}
  m_Controller: {fileID: 9100000, guid: c8900ac9b6f1c5440849bd9ebe5d5f1e, type: 2}
  m_CullingMode: 1
  m_UpdateMode: 0
  m_ApplyRootMotion: 0
  m_LinearVelocityBlending: 0
  m_WarningMessage: 
  m_HasTransformHierarchy: 1
  m_AllowConstantClipSamplingOptimization: 1
--- !u!137 &137000012802276260
SkinnedMeshRenderer:
  m_ObjectHideFlags: 1
  m_PrefabParentObject: {fileID: 0}
  m_PrefabInternal: {fileID: 100100000}
  m_GameObject: {fileID: 1000014227347206}
  m_Enabled: 1
  m_CastShadows: 1
  m_ReceiveShadows: 1
  m_MotionVectors: 1
  m_LightProbeUsage: 1
  m_ReflectionProbeUsage: 1
  m_Materials:
  - {fileID: 2100000, guid: 0257b5cee98524f489c0aa9d084b8641, type: 2}
  m_SubsetIndices: 
  m_StaticBatchRoot: {fileID: 0}
  m_ProbeAnchor: {fileID: 0}
  m_LightProbeVolumeOverride: {fileID: 0}
  m_ScaleInLightmap: 1
  m_PreserveUVs: 0
  m_IgnoreNormalsForChartDetection: 0
  m_ImportantGI: 0
  m_SelectedWireframeHidden: 0
  m_MinimumChartSize: 4
  m_AutoUVMaxDistance: 0.5
  m_AutoUVMaxAngle: 89
  m_LightmapParameters: {fileID: 0}
  m_SortingLayerID: 0
  m_SortingOrder: 0
  serializedVersion: 2
  m_Quality: 0
  m_UpdateWhenOffscreen: 0
  m_SkinnedMotionVectors: 1
  m_Mesh: {fileID: 4300000, guid: f2452ff2854a9ed4cb6126a38e3c6eee, type: 3}
  m_Bones:
  - {fileID: 4000010036039998}
  - {fileID: 4000010321066488}
  - {fileID: 4000011121876272}
  - {fileID: 4000010273309856}
  - {fileID: 4000012546706068}
  m_BlendShapeWeights: []
  m_RootBone: {fileID: 4000011121876272}
  m_AABB:
    m_Center: {x: -56.219868, y: -16.86173, z: 2.6532192}
    m_Extent: {x: 59.39773, y: 50.38804, z: 38.877235}
  m_DirtyAABB: 0
