%YAML 1.1
%TAG !u! tag:unity3d.com,2011:
--- !u!1001 &100100000
Prefab:
  m_ObjectHideFlags: 1
  serializedVersion: 2
  m_Modification:
    m_TransformParent: {fileID: 0}
    m_Modifications: []
    m_RemovedComponents: []
  m_ParentPrefab: {fileID: 0}
  m_RootGameObject: {fileID: 1000012600104222}
  m_IsPrefabParent: 1
--- !u!1 &1000010056170870
GameObject:
  m_ObjectHideFlags: 1
  m_PrefabParentObject: {fileID: 0}
  m_PrefabInternal: {fileID: 100100000}
  serializedVersion: 4
  m_Component:
  - 4: {fileID: 4000010789428436}
  m_Layer: 0
  m_Name: Bone006
  m_TagString: Untagged
  m_Icon: {fileID: 0}
  m_NavMeshLayer: 0
  m_StaticEditorFlags: 0
  m_IsActive: 1
--- !u!1 &1000010672759110
GameObject:
  m_ObjectHideFlags: 1
  m_PrefabParentObject: {fileID: 0}
  m_PrefabInternal: {fileID: 100100000}
  serializedVersion: 4
  m_Component:
  - 4: {fileID: 4000011489075730}
  m_Layer: 0
  m_Name: Bone012
  m_TagString: Untagged
  m_Icon: {fileID: 0}
  m_NavMeshLayer: 0
  m_StaticEditorFlags: 0
  m_IsActive: 1
--- !u!1 &1000010715156774
GameObject:
  m_ObjectHideFlags: 0
  m_PrefabParentObject: {fileID: 0}
  m_PrefabInternal: {fileID: 100100000}
  serializedVersion: 4
  m_Component:
  - 4: {fileID: 4000011501961906}
  m_Layer: 0
  m_Name: Bone005
  m_TagString: Untagged
  m_Icon: {fileID: 0}
  m_NavMeshLayer: 0
  m_StaticEditorFlags: 0
  m_IsActive: 1
--- !u!1 &1000010800671468
GameObject:
  m_ObjectHideFlags: 0
  m_PrefabParentObject: {fileID: 0}
  m_PrefabInternal: {fileID: 100100000}
  serializedVersion: 4
  m_Component:
  - 4: {fileID: 4000012313499296}
  - 137: {fileID: 137000013755224086}
  - 64: {fileID: 64000010950343172}
  m_Layer: 8
  m_Name: Arbre3High
  m_TagString: Arbre
  m_Icon: {fileID: 0}
  m_NavMeshLayer: 0
  m_StaticEditorFlags: 0
  m_IsActive: 1
--- !u!1 &1000011536401734
GameObject:
  m_ObjectHideFlags: 1
  m_PrefabParentObject: {fileID: 0}
  m_PrefabInternal: {fileID: 100100000}
  serializedVersion: 4
  m_Component:
  - 4: {fileID: 4000012387635540}
  m_Layer: 0
  m_Name: Bone009
  m_TagString: Untagged
  m_Icon: {fileID: 0}
  m_NavMeshLayer: 0
  m_StaticEditorFlags: 0
  m_IsActive: 1
--- !u!1 &1000012317732940
GameObject:
  m_ObjectHideFlags: 1
  m_PrefabParentObject: {fileID: 0}
  m_PrefabInternal: {fileID: 100100000}
  serializedVersion: 4
  m_Component:
  - 4: {fileID: 4000012782426564}
  m_Layer: 0
  m_Name: Bone008
  m_TagString: Untagged
  m_Icon: {fileID: 0}
  m_NavMeshLayer: 0
  m_StaticEditorFlags: 0
  m_IsActive: 1
--- !u!1 &1000012600104222
GameObject:
  m_ObjectHideFlags: 0
  m_PrefabParentObject: {fileID: 0}
  m_PrefabInternal: {fileID: 100100000}
  serializedVersion: 4
  m_Component:
  - 4: {fileID: 4000012718182788}
  - 95: {fileID: 95000010261897130}
  m_Layer: 8
  m_Name: Arbre3
  m_TagString: Arbre
  m_Icon: {fileID: 0}
  m_NavMeshLayer: 0
  m_StaticEditorFlags: 0
  m_IsActive: 1
--- !u!1 &1000013222853658
GameObject:
  m_ObjectHideFlags: 1
  m_PrefabParentObject: {fileID: 0}
  m_PrefabInternal: {fileID: 100100000}
  serializedVersion: 4
  m_Component:
  - 4: {fileID: 4000010382503868}
  m_Layer: 0
  m_Name: Bone007
  m_TagString: Untagged
  m_Icon: {fileID: 0}
  m_NavMeshLayer: 0
  m_StaticEditorFlags: 0
  m_IsActive: 1
--- !u!1 &1000013257814580
GameObject:
  m_ObjectHideFlags: 1
  m_PrefabParentObject: {fileID: 0}
  m_PrefabInternal: {fileID: 100100000}
  serializedVersion: 4
  m_Component:
  - 4: {fileID: 4000013338744740}
  m_Layer: 0
  m_Name: Bone013
  m_TagString: Untagged
  m_Icon: {fileID: 0}
  m_NavMeshLayer: 0
  m_StaticEditorFlags: 0
  m_IsActive: 1
--- !u!1 &1000013958156196
GameObject:
  m_ObjectHideFlags: 1
  m_PrefabParentObject: {fileID: 0}
  m_PrefabInternal: {fileID: 100100000}
  serializedVersion: 4
  m_Component:
  - 4: {fileID: 4000010282454644}
  m_Layer: 0
  m_Name: Bone014
  m_TagString: Untagged
  m_Icon: {fileID: 0}
  m_NavMeshLayer: 0
  m_StaticEditorFlags: 0
  m_IsActive: 1
--- !u!4 &4000010282454644
Transform:
  m_ObjectHideFlags: 1
  m_PrefabParentObject: {fileID: 0}
  m_PrefabInternal: {fileID: 100100000}
  m_GameObject: {fileID: 1000013958156196}
  m_LocalRotation: {x: 0.000000004930619, y: 2.5048244e-16, z: 0.000000050801418,
    w: 1}
  m_LocalPosition: {x: -2.434172, y: 0, z: -0.0000012207031}
  m_LocalScale: {x: 1, y: 1.0000001, z: 1}
  m_LocalEulerAnglesHint: {x: 0, y: 0, z: 0}
  m_Children: []
  m_Father: {fileID: 4000013338744740}
  m_RootOrder: 0
--- !u!4 &4000010382503868
Transform:
  m_ObjectHideFlags: 1
  m_PrefabParentObject: {fileID: 0}
  m_PrefabInternal: {fileID: 100100000}
  m_GameObject: {fileID: 1000013222853658}
  m_LocalRotation: {x: 0.63970375, y: 0.28674364, z: -0.59991354, w: -0.38556576}
  m_LocalPosition: {x: -1.6288455, y: -0.00000014781952, z: 0.000000038146972}
  m_LocalScale: {x: 1.0000002, y: 1.0000001, z: 0.99999976}
  m_LocalEulerAnglesHint: {x: 0, y: 0, z: 0}
  m_Children:
  - {fileID: 4000012782426564}
  - {fileID: 4000011489075730}
  m_Father: {fileID: 4000010789428436}
  m_RootOrder: 0
--- !u!4 &4000010789428436
Transform:
  m_ObjectHideFlags: 1
  m_PrefabParentObject: {fileID: 0}
  m_PrefabInternal: {fileID: 100100000}
  m_GameObject: {fileID: 1000010056170870}
  m_LocalRotation: {x: 0.991515, y: 0.00038417208, z: -0.121972166, w: 0.04495329}
  m_LocalPosition: {x: -1.7218634, y: 0.000000009536743, z: 0.0000003814697}
  m_LocalScale: {x: 1.0000001, y: 0.99999976, z: 1}
  m_LocalEulerAnglesHint: {x: 0, y: 0, z: 0}
  m_Children:
  - {fileID: 4000010382503868}
  m_Father: {fileID: 4000011501961906}
  m_RootOrder: 0
--- !u!4 &4000011489075730
Transform:
  m_ObjectHideFlags: 1
  m_PrefabParentObject: {fileID: 0}
  m_PrefabInternal: {fileID: 100100000}
  m_GameObject: {fileID: 1000010672759110}
  m_LocalRotation: {x: -0.63882977, y: -0.16026855, z: 0.7070391, w: -0.2574999}
  m_LocalPosition: {x: -0.08, y: -0.07999996, z: 0.07999939}
  m_LocalScale: {x: 1.0000002, y: 1.0000001, z: 1.0000004}
  m_LocalEulerAnglesHint: {x: 0, y: 0, z: 0}
  m_Children:
  - {fileID: 4000013338744740}
  m_Father: {fileID: 4000010382503868}
  m_RootOrder: 1
--- !u!4 &4000011501961906
Transform:
  m_ObjectHideFlags: 1
  m_PrefabParentObject: {fileID: 0}
  m_PrefabInternal: {fileID: 100100000}
  m_GameObject: {fileID: 1000010715156774}
  m_LocalRotation: {x: -0.51897967, y: 0.4518269, z: -0.4802708, w: 0.54392326}
  m_LocalPosition: {x: 0.025226135, y: 0.8684097, z: -0.027797546}
  m_LocalScale: {x: 1, y: 1, z: 1.0000001}
  m_LocalEulerAnglesHint: {x: 0, y: 0, z: 0}
  m_Children:
  - {fileID: 4000010789428436}
  m_Father: {fileID: 4000012718182788}
  m_RootOrder: 1
--- !u!4 &4000012313499296
Transform:
  m_ObjectHideFlags: 1
  m_PrefabParentObject: {fileID: 0}
  m_PrefabInternal: {fileID: 100100000}
  m_GameObject: {fileID: 1000010800671468}
  m_LocalRotation: {x: -0.7071068, y: 0, z: 0, w: 0.7071067}
  m_LocalPosition: {x: -0, y: 0, z: 0}
  m_LocalScale: {x: 1, y: 1, z: 1}
  m_LocalEulerAnglesHint: {x: 0, y: 0, z: 0}
  m_Children: []
  m_Father: {fileID: 4000012718182788}
  m_RootOrder: 0
--- !u!4 &4000012387635540
Transform:
  m_ObjectHideFlags: 1
  m_PrefabParentObject: {fileID: 0}
  m_PrefabInternal: {fileID: 100100000}
  m_GameObject: {fileID: 1000011536401734}
  m_LocalRotation: {x: 0.000000003559117, y: 0.000000014901161, z: -0.00000008791265,
    w: 1}
  m_LocalPosition: {x: -1.9470638, y: 0.00000030517577, z: 0}
  m_LocalScale: {x: 1, y: 1, z: 1.0000001}
  m_LocalEulerAnglesHint: {x: 0, y: 0, z: 0}
  m_Children: []
  m_Father: {fileID: 4000012782426564}
  m_RootOrder: 0
--- !u!4 &4000012718182788
Transform:
  m_ObjectHideFlags: 1
  m_PrefabParentObject: {fileID: 0}
  m_PrefabInternal: {fileID: 100100000}
  m_GameObject: {fileID: 1000012600104222}
  m_LocalRotation: {x: 0.000000021855694, y: -0, z: -0, w: 1}
  m_LocalPosition: {x: -299.6583, y: 1.3243246, z: -287.4092}
  m_LocalScale: {x: 1, y: 1, z: 1}
  m_LocalEulerAnglesHint: {x: 0, y: 0, z: 0}
  m_Children:
  - {fileID: 4000012313499296}
  - {fileID: 4000011501961906}
  m_Father: {fileID: 0}
  m_RootOrder: 0
--- !u!4 &4000012782426564
Transform:
  m_ObjectHideFlags: 1
  m_PrefabParentObject: {fileID: 0}
  m_PrefabInternal: {fileID: 100100000}
  m_GameObject: {fileID: 1000012317732940}
  m_LocalRotation: {x: 0.26005915, y: 0.07065724, z: -0.8070715, w: 0.5253688}
  m_LocalPosition: {x: -2.5700402, y: -0.0000011062622, z: -0.0000012207031}
  m_LocalScale: {x: 1.0000004, y: 0.99999976, z: 1.0000001}
  m_LocalEulerAnglesHint: {x: 0, y: 0, z: 0}
  m_Children:
  - {fileID: 4000012387635540}
  m_Father: {fileID: 4000010382503868}
  m_RootOrder: 0
--- !u!4 &4000013338744740
Transform:
  m_ObjectHideFlags: 1
  m_PrefabParentObject: {fileID: 0}
  m_PrefabInternal: {fileID: 100100000}
  m_GameObject: {fileID: 1000013257814580}
  m_LocalRotation: {x: -0.51090807, y: 0.33783588, z: 0.61742216, w: -0.49358866}
  m_LocalPosition: {x: -1.0243145, y: -0.000000114440915, z: -0.0000007629394}
  m_LocalScale: {x: 0.9999999, y: 0.9999998, z: 1.0000001}
  m_LocalEulerAnglesHint: {x: 0, y: 0, z: 0}
  m_Children:
  - {fileID: 4000010282454644}
  m_Father: {fileID: 4000011489075730}
  m_RootOrder: 0
--- !u!64 &64000010950343172
MeshCollider:
  m_ObjectHideFlags: 1
  m_PrefabParentObject: {fileID: 0}
  m_PrefabInternal: {fileID: 100100000}
  m_GameObject: {fileID: 1000010800671468}
  m_Material: {fileID: 0}
  m_IsTrigger: 0
  m_Enabled: 1
  serializedVersion: 2
  m_Convex: 0
  m_Mesh: {fileID: 4300000, guid: a1cea217f1522674a84babfc46fa49fa, type: 3}
--- !u!95 &95000010261897130
Animator:
  serializedVersion: 3
  m_ObjectHideFlags: 1
  m_PrefabParentObject: {fileID: 0}
  m_PrefabInternal: {fileID: 100100000}
  m_GameObject: {fileID: 1000012600104222}
  m_Enabled: 1
  m_Avatar: {fileID: 9000000, guid: a1cea217f1522674a84babfc46fa49fa, type: 3}
  m_Controller: {fileID: 9100000, guid: 47ead995aab79c6418952ee047746bd9, type: 2}
  m_CullingMode: 1
  m_UpdateMode: 0
  m_ApplyRootMotion: 0
  m_LinearVelocityBlending: 0
  m_WarningMessage: 
  m_HasTransformHierarchy: 1
  m_AllowConstantClipSamplingOptimization: 1
--- !u!137 &137000013755224086
SkinnedMeshRenderer:
  m_ObjectHideFlags: 1
  m_PrefabParentObject: {fileID: 0}
  m_PrefabInternal: {fileID: 100100000}
  m_GameObject: {fileID: 1000010800671468}
  m_Enabled: 1
  m_CastShadows: 1
  m_ReceiveShadows: 1
  m_MotionVectors: 1
  m_LightProbeUsage: 1
  m_ReflectionProbeUsage: 1
  m_Materials:
  - {fileID: 2100000, guid: 75d2915f96e4df64ea8861076eceea6f, type: 2}
  m_SubsetIndices: 
  m_StaticBatchRoot: {fileID: 0}
  m_ProbeAnchor: {fileID: 0}
  m_LightProbeVolumeOverride: {fileID: 0}
  m_ScaleInLightmap: 1
  m_PreserveUVs: 0
  m_IgnoreNormalsForChartDetection: 0
  m_ImportantGI: 0
  m_SelectedWireframeHidden: 0
  m_MinimumChartSize: 4
  m_AutoUVMaxDistance: 0.5
  m_AutoUVMaxAngle: 89
  m_LightmapParameters: {fileID: 0}
  m_SortingLayerID: 0
  m_SortingOrder: 0
  serializedVersion: 2
  m_Quality: 0
  m_UpdateWhenOffscreen: 0
  m_SkinnedMotionVectors: 1
  m_Mesh: {fileID: 4300000, guid: a1cea217f1522674a84babfc46fa49fa, type: 3}
  m_Bones:
  - {fileID: 4000013338744740}
  - {fileID: 4000011489075730}
  - {fileID: 4000012782426564}
  - {fileID: 4000010382503868}
  - {fileID: 4000010282454644}
  - {fileID: 4000010789428436}
  - {fileID: 4000012387635540}
  - {fileID: 4000011501961906}
  m_BlendShapeWeights: []
  m_RootBone: {fileID: 4000011501961906}
  m_AABB:
    m_Center: {x: -2.6579912, y: 0.27886653, z: -0.9374956}
    m_Extent: {x: 4.566373, y: 3.152435, z: 3.118556}
  m_DirtyAABB: 0
