%YAML 1.1
%TAG !u! tag:unity3d.com,2011:
--- !u!1001 &100100000
Prefab:
  m_ObjectHideFlags: 1
  serializedVersion: 2
  m_Modification:
    m_TransformParent: {fileID: 0}
    m_Modifications: []
    m_RemovedComponents: []
  m_ParentPrefab: {fileID: 0}
  m_RootGameObject: {fileID: 1000012088761704}
  m_IsPrefabParent: 1
--- !u!1 &1000010312289642
GameObject:
  m_ObjectHideFlags: 1
  m_PrefabParentObject: {fileID: 0}
  m_PrefabInternal: {fileID: 100100000}
  serializedVersion: 4
  m_Component:
  - 4: {fileID: 4000011074951650}
  m_Layer: 0
  m_Name: Bone094
  m_TagString: Untagged
  m_Icon: {fileID: 0}
  m_NavMeshLayer: 0
  m_StaticEditorFlags: 0
  m_IsActive: 1
--- !u!1 &1000010715503034
GameObject:
  m_ObjectHideFlags: 1
  m_PrefabParentObject: {fileID: 0}
  m_PrefabInternal: {fileID: 100100000}
  serializedVersion: 4
  m_Component:
  - 4: {fileID: 4000012248539238}
  m_Layer: 0
  m_Name: Bone092
  m_TagString: Untagged
  m_Icon: {fileID: 0}
  m_NavMeshLayer: 0
  m_StaticEditorFlags: 0
  m_IsActive: 1
--- !u!1 &1000011072091426
GameObject:
  m_ObjectHideFlags: 1
  m_PrefabParentObject: {fileID: 0}
  m_PrefabInternal: {fileID: 100100000}
  serializedVersion: 4
  m_Component:
  - 4: {fileID: 4000014007124740}
  m_Layer: 0
  m_Name: Bone091
  m_TagString: Untagged
  m_Icon: {fileID: 0}
  m_NavMeshLayer: 0
  m_StaticEditorFlags: 0
  m_IsActive: 1
--- !u!1 &1000011340547052
GameObject:
  m_ObjectHideFlags: 0
  m_PrefabParentObject: {fileID: 0}
  m_PrefabInternal: {fileID: 100100000}
  serializedVersion: 4
  m_Component:
  - 4: {fileID: 4000010778960334}
  m_Layer: 0
  m_Name: Bone089
  m_TagString: Untagged
  m_Icon: {fileID: 0}
  m_NavMeshLayer: 0
  m_StaticEditorFlags: 0
  m_IsActive: 1
--- !u!1 &1000011658811078
GameObject:
  m_ObjectHideFlags: 1
  m_PrefabParentObject: {fileID: 0}
  m_PrefabInternal: {fileID: 100100000}
  serializedVersion: 4
  m_Component:
  - 4: {fileID: 4000010303264244}
  m_Layer: 0
  m_Name: Bone087
  m_TagString: Untagged
  m_Icon: {fileID: 0}
  m_NavMeshLayer: 0
  m_StaticEditorFlags: 0
  m_IsActive: 1
--- !u!1 &1000012088761704
GameObject:
  m_ObjectHideFlags: 0
  m_PrefabParentObject: {fileID: 0}
  m_PrefabInternal: {fileID: 100100000}
  serializedVersion: 4
  m_Component:
  - 4: {fileID: 4000012295494888}
  - 95: {fileID: 95000011992410018}
  m_Layer: 0
  m_Name: ArbreSakina
  m_TagString: Untagged
  m_Icon: {fileID: 0}
  m_NavMeshLayer: 0
  m_StaticEditorFlags: 0
  m_IsActive: 1
--- !u!1 &1000012870904658
GameObject:
  m_ObjectHideFlags: 1
  m_PrefabParentObject: {fileID: 0}
  m_PrefabInternal: {fileID: 100100000}
  serializedVersion: 4
  m_Component:
  - 4: {fileID: 4000011454913522}
  m_Layer: 0
  m_Name: Bone086
  m_TagString: Untagged
  m_Icon: {fileID: 0}
  m_NavMeshLayer: 0
  m_StaticEditorFlags: 0
  m_IsActive: 1
--- !u!1 &1000012936385880
GameObject:
  m_ObjectHideFlags: 1
  m_PrefabParentObject: {fileID: 0}
  m_PrefabInternal: {fileID: 100100000}
  serializedVersion: 4
  m_Component:
  - 4: {fileID: 4000011446498100}
  m_Layer: 0
  m_Name: Bone090
  m_TagString: Untagged
  m_Icon: {fileID: 0}
  m_NavMeshLayer: 0
  m_StaticEditorFlags: 0
  m_IsActive: 1
--- !u!1 &1000013267586608
GameObject:
  m_ObjectHideFlags: 1
  m_PrefabParentObject: {fileID: 0}
  m_PrefabInternal: {fileID: 100100000}
  serializedVersion: 4
  m_Component:
  - 4: {fileID: 4000013771597644}
  m_Layer: 0
  m_Name: Bone093
  m_TagString: Untagged
  m_Icon: {fileID: 0}
  m_NavMeshLayer: 0
  m_StaticEditorFlags: 0
  m_IsActive: 1
--- !u!1 &1000013546121642
GameObject:
  m_ObjectHideFlags: 0
  m_PrefabParentObject: {fileID: 0}
  m_PrefabInternal: {fileID: 100100000}
  serializedVersion: 4
  m_Component:
  - 4: {fileID: 4000011837237100}
  m_Layer: 0
  m_Name: Bone084
  m_TagString: Untagged
  m_Icon: {fileID: 0}
  m_NavMeshLayer: 0
  m_StaticEditorFlags: 0
  m_IsActive: 1
--- !u!1 &1000013813790184
GameObject:
  m_ObjectHideFlags: 1
  m_PrefabParentObject: {fileID: 0}
  m_PrefabInternal: {fileID: 100100000}
  serializedVersion: 4
  m_Component:
  - 4: {fileID: 4000011007198190}
  m_Layer: 0
  m_Name: Bone085
  m_TagString: Untagged
  m_Icon: {fileID: 0}
  m_NavMeshLayer: 0
  m_StaticEditorFlags: 0
  m_IsActive: 1
--- !u!1 &1000013881218238
GameObject:
  m_ObjectHideFlags: 1
  m_PrefabParentObject: {fileID: 0}
  m_PrefabInternal: {fileID: 100100000}
  serializedVersion: 4
  m_Component:
  - 4: {fileID: 4000011060443328}
  m_Layer: 0
  m_Name: Bone088
  m_TagString: Untagged
  m_Icon: {fileID: 0}
  m_NavMeshLayer: 0
  m_StaticEditorFlags: 0
  m_IsActive: 1
--- !u!1 &1000014196439634
GameObject:
  m_ObjectHideFlags: 0
  m_PrefabParentObject: {fileID: 0}
  m_PrefabInternal: {fileID: 100100000}
  serializedVersion: 4
  m_Component:
  - 4: {fileID: 4000013975747702}
  - 137: {fileID: 137000011354498362}
  - 64: {fileID: 64000010070903504}
  m_Layer: 8
  m_Name: ArbreSakinaHigh
  m_TagString: Arbre
  m_Icon: {fileID: 0}
  m_NavMeshLayer: 0
  m_StaticEditorFlags: 0
  m_IsActive: 1
--- !u!4 &4000010303264244
Transform:
  m_ObjectHideFlags: 1
  m_PrefabParentObject: {fileID: 0}
  m_PrefabInternal: {fileID: 100100000}
  m_GameObject: {fileID: 1000011658811078}
  m_LocalRotation: {x: 0.5754481, y: 0.6574626, z: 0.11591784, w: -0.47240397}
  m_LocalPosition: {x: -22.360672, y: 0, z: -0.000022888184}
  m_LocalScale: {x: 1.0000004, y: 1.0000005, z: 0.99999994}
  m_LocalEulerAnglesHint: {x: 0, y: 0, z: 0}
  m_Children:
  - {fileID: 4000011060443328}
  m_Father: {fileID: 4000011454913522}
  m_RootOrder: 0
--- !u!4 &4000010778960334
Transform:
  m_ObjectHideFlags: 1
  m_PrefabParentObject: {fileID: 0}
  m_PrefabInternal: {fileID: 100100000}
  m_GameObject: {fileID: 1000011340547052}
  m_LocalRotation: {x: -0.63561386, y: 0.7007368, z: -0.22056088, w: 0.2373096}
  m_LocalPosition: {x: -0.17749071, y: -0.22681713, z: 0.8273077}
  m_LocalScale: {x: 0.08874514, y: 0.088745125, z: 0.088745154}
  m_LocalEulerAnglesHint: {x: 0, y: 0, z: 0}
  m_Children:
  - {fileID: 4000011446498100}
  m_Father: {fileID: 4000012295494888}
  m_RootOrder: 2
--- !u!4 &4000011007198190
Transform:
  m_ObjectHideFlags: 1
  m_PrefabParentObject: {fileID: 0}
  m_PrefabInternal: {fileID: 100100000}
  m_GameObject: {fileID: 1000013813790184}
  m_LocalRotation: {x: 0.9030199, y: -0.17612036, z: -0.29689825, w: -0.25571096}
  m_LocalPosition: {x: -28.913834, y: -0.000049591064, z: 0.000030517578}
  m_LocalScale: {x: 1.0000002, y: 1.0000001, z: 0.9999998}
  m_LocalEulerAnglesHint: {x: 0, y: 0, z: 0}
  m_Children:
  - {fileID: 4000011454913522}
  m_Father: {fileID: 4000011837237100}
  m_RootOrder: 0
--- !u!4 &4000011060443328
Transform:
  m_ObjectHideFlags: 1
  m_PrefabParentObject: {fileID: 0}
  m_PrefabInternal: {fileID: 100100000}
  m_GameObject: {fileID: 1000013881218238}
  m_LocalRotation: {x: 0.0000000043446917, y: 5.320713e-25, z: 1.2246469e-16, w: 1}
  m_LocalPosition: {x: -21.118706, y: 0, z: 0}
  m_LocalScale: {x: 1.0000001, y: 1.0000001, z: 1.0000001}
  m_LocalEulerAnglesHint: {x: 0, y: 0, z: 0}
  m_Children: []
  m_Father: {fileID: 4000010303264244}
  m_RootOrder: 0
--- !u!4 &4000011074951650
Transform:
  m_ObjectHideFlags: 1
  m_PrefabParentObject: {fileID: 0}
  m_PrefabInternal: {fileID: 100100000}
  m_GameObject: {fileID: 1000010312289642}
  m_LocalRotation: {x: -0.0000000037252907, y: -0.0000000037252907, z: -1.3877791e-17,
    w: 1}
  m_LocalPosition: {x: -0, y: 0, z: 0}
  m_LocalScale: {x: 0.9999999, y: 0.9999999, z: 1}
  m_LocalEulerAnglesHint: {x: 0, y: 0, z: 0}
  m_Children: []
  m_Father: {fileID: 4000013771597644}
  m_RootOrder: 0
--- !u!4 &4000011446498100
Transform:
  m_ObjectHideFlags: 1
  m_PrefabParentObject: {fileID: 0}
  m_PrefabInternal: {fileID: 100100000}
  m_GameObject: {fileID: 1000012936385880}
  m_LocalRotation: {x: -0.7175527, y: -0.11479905, z: 0.17431597, w: 0.66449475}
  m_LocalPosition: {x: -21.04757, y: 0, z: 0}
  m_LocalScale: {x: 1.0000001, y: 0.99999976, z: 1.0000001}
  m_LocalEulerAnglesHint: {x: 0, y: 0, z: 0}
  m_Children:
  - {fileID: 4000014007124740}
  m_Father: {fileID: 4000010778960334}
  m_RootOrder: 0
--- !u!4 &4000011454913522
Transform:
  m_ObjectHideFlags: 1
  m_PrefabParentObject: {fileID: 0}
  m_PrefabInternal: {fileID: 100100000}
  m_GameObject: {fileID: 1000012870904658}
  m_LocalRotation: {x: 0.6924195, y: 0.0658667, z: -0.69051427, w: 0.19851148}
  m_LocalPosition: {x: -35.580803, y: -0.000015258789, z: -0.000015258789}
  m_LocalScale: {x: 0.9999999, y: 0.9999996, z: 0.9999999}
  m_LocalEulerAnglesHint: {x: 0, y: 0, z: 0}
  m_Children:
  - {fileID: 4000010303264244}
  m_Father: {fileID: 4000011007198190}
  m_RootOrder: 0
--- !u!4 &4000011837237100
Transform:
  m_ObjectHideFlags: 1
  m_PrefabParentObject: {fileID: 0}
  m_PrefabInternal: {fileID: 100100000}
  m_GameObject: {fileID: 1000013546121642}
  m_LocalRotation: {x: -0.59086174, y: 0.7172815, z: -0.20517541, w: 0.3070712}
  m_LocalPosition: {x: -0.4437275, y: -0.22311354, z: -1.3025694}
  m_LocalScale: {x: 0.088745184, y: 0.08874518, z: 0.08874514}
  m_LocalEulerAnglesHint: {x: 0, y: 0, z: 0}
  m_Children:
  - {fileID: 4000011007198190}
  m_Father: {fileID: 4000012295494888}
  m_RootOrder: 1
--- !u!4 &4000012248539238
Transform:
  m_ObjectHideFlags: 1
  m_PrefabParentObject: {fileID: 0}
  m_PrefabInternal: {fileID: 100100000}
  m_GameObject: {fileID: 1000010715503034}
  m_LocalRotation: {x: -0.65286916, y: -0.18494385, z: 0.72044617, w: 0.14323036}
  m_LocalPosition: {x: -22.449928, y: 0, z: -0.0000019073486}
  m_LocalScale: {x: 1, y: 1, z: 0.9999999}
  m_LocalEulerAnglesHint: {x: 0, y: 0, z: 0}
  m_Children:
  - {fileID: 4000013771597644}
  m_Father: {fileID: 4000014007124740}
  m_RootOrder: 0
--- !u!4 &4000012295494888
Transform:
  m_ObjectHideFlags: 1
  m_PrefabParentObject: {fileID: 0}
  m_PrefabInternal: {fileID: 100100000}
  m_GameObject: {fileID: 1000012088761704}
  m_LocalRotation: {x: -0.00000013315805, y: 0, z: -0, w: 1}
  m_LocalPosition: {x: -41.921494, y: -2.590977, z: -213.09311}
  m_LocalScale: {x: 1, y: 0.99999976, z: 0.99999976}
  m_LocalEulerAnglesHint: {x: 0, y: 0, z: 0}
  m_Children:
  - {fileID: 4000013975747702}
  - {fileID: 4000011837237100}
  - {fileID: 4000010778960334}
  m_Father: {fileID: 0}
  m_RootOrder: 0
--- !u!4 &4000013771597644
Transform:
  m_ObjectHideFlags: 1
  m_PrefabParentObject: {fileID: 0}
  m_PrefabInternal: {fileID: 100100000}
  m_GameObject: {fileID: 1000013267586608}
  m_LocalRotation: {x: -0.050319053, y: 0.034632165, z: -0.82221454, w: 0.5658903}
  m_LocalPosition: {x: -32.802433, y: 0, z: 0}
  m_LocalScale: {x: 0.99999964, y: 0.99999994, z: 1.0000001}
  m_LocalEulerAnglesHint: {x: 0, y: 0, z: 0}
  m_Children:
  - {fileID: 4000011074951650}
  m_Father: {fileID: 4000012248539238}
  m_RootOrder: 0
--- !u!4 &4000013975747702
Transform:
  m_ObjectHideFlags: 1
  m_PrefabParentObject: {fileID: 0}
  m_PrefabInternal: {fileID: 100100000}
  m_GameObject: {fileID: 1000014196439634}
  m_LocalRotation: {x: -0.70648956, y: 0, z: -0, w: 0.7077235}
  m_LocalPosition: {x: -0.00000333786, y: -0.000012874603, z: -0.0000104904175}
  m_LocalScale: {x: 0.08874518, y: 0.088745184, z: 0.08874518}
  m_LocalEulerAnglesHint: {x: 0, y: 0, z: 0}
  m_Children: []
  m_Father: {fileID: 4000012295494888}
  m_RootOrder: 0
--- !u!4 &4000014007124740
Transform:
  m_ObjectHideFlags: 1
  m_PrefabParentObject: {fileID: 0}
  m_PrefabInternal: {fileID: 100100000}
  m_GameObject: {fileID: 1000011072091426}
  m_LocalRotation: {x: -0.2552737, y: 0.3125008, z: -0.0035719129, w: 0.91496766}
  m_LocalPosition: {x: -19.621422, y: -0.000015258789, z: 0.0000019073486}
  m_LocalScale: {x: 0.99999976, y: 1.0000001, z: 0.9999999}
  m_LocalEulerAnglesHint: {x: 0, y: 0, z: 0}
  m_Children:
  - {fileID: 4000012248539238}
  m_Father: {fileID: 4000011446498100}
  m_RootOrder: 0
--- !u!64 &64000010070903504
MeshCollider:
  m_ObjectHideFlags: 1
  m_PrefabParentObject: {fileID: 0}
  m_PrefabInternal: {fileID: 100100000}
  m_GameObject: {fileID: 1000014196439634}
  m_Material: {fileID: 0}
  m_IsTrigger: 0
  m_Enabled: 1
  serializedVersion: 2
  m_Convex: 0
  m_Mesh: {fileID: 4300000, guid: 3a0e0ed451e2745409d6946cd069d4c7, type: 3}
--- !u!95 &95000011992410018
Animator:
  serializedVersion: 3
  m_ObjectHideFlags: 1
  m_PrefabParentObject: {fileID: 0}
  m_PrefabInternal: {fileID: 100100000}
  m_GameObject: {fileID: 1000012088761704}
  m_Enabled: 1
  m_Avatar: {fileID: 9000000, guid: 3a0e0ed451e2745409d6946cd069d4c7, type: 3}
  m_Controller: {fileID: 9100000, guid: bf21a340d80024b4cac8362f7d361ad5, type: 2}
  m_CullingMode: 1
  m_UpdateMode: 0
  m_ApplyRootMotion: 0
  m_LinearVelocityBlending: 0
  m_WarningMessage: 
  m_HasTransformHierarchy: 1
  m_AllowConstantClipSamplingOptimization: 1
--- !u!137 &137000011354498362
SkinnedMeshRenderer:
  m_ObjectHideFlags: 1
  m_PrefabParentObject: {fileID: 0}
  m_PrefabInternal: {fileID: 100100000}
  m_GameObject: {fileID: 1000014196439634}
  m_Enabled: 1
  m_CastShadows: 1
  m_ReceiveShadows: 1
  m_MotionVectors: 1
  m_LightProbeUsage: 1
  m_ReflectionProbeUsage: 1
  m_Materials:
  - {fileID: 2100000, guid: bfb0413b3925e17438346fa1b2ae78c9, type: 2}
  m_SubsetIndices: 
  m_StaticBatchRoot: {fileID: 0}
  m_ProbeAnchor: {fileID: 0}
  m_LightProbeVolumeOverride: {fileID: 0}
  m_ScaleInLightmap: 1
  m_PreserveUVs: 0
  m_IgnoreNormalsForChartDetection: 0
  m_ImportantGI: 0
  m_SelectedWireframeHidden: 0
  m_MinimumChartSize: 4
  m_AutoUVMaxDistance: 0.5
  m_AutoUVMaxAngle: 89
  m_LightmapParameters: {fileID: 0}
  m_SortingLayerID: 0
  m_SortingOrder: 0
  serializedVersion: 2
  m_Quality: 0
  m_UpdateWhenOffscreen: 0
  m_SkinnedMotionVectors: 1
  m_Mesh: {fileID: 4300000, guid: 3a0e0ed451e2745409d6946cd069d4c7, type: 3}
  m_Bones:
  - {fileID: 4000011007198190}
  - {fileID: 4000012248539238}
  - {fileID: 4000011446498100}
  - {fileID: 4000011837237100}
  - {fileID: 4000014007124740}
  - {fileID: 4000010303264244}
  - {fileID: 4000011060443328}
  - {fileID: 4000011454913522}
  - {fileID: 4000010778960334}
  - {fileID: 4000011074951650}
  - {fileID: 4000013771597644}
  m_BlendShapeWeights: []
  m_RootBone: {fileID: 4000010778960334}
  m_AABB:
    m_Center: {x: -40.209785, y: 8.225928, z: 14.16346}
    m_Extent: {x: 44.12236, y: 31.282734, z: 33.18251}
  m_DirtyAABB: 0
