%YAML 1.1
%TAG !u! tag:unity3d.com,2011:
--- !u!1001 &100100000
Prefab:
  m_ObjectHideFlags: 1
  serializedVersion: 2
  m_Modification:
    m_TransformParent: {fileID: 0}
    m_Modifications: []
    m_RemovedComponents: []
  m_ParentPrefab: {fileID: 0}
  m_RootGameObject: {fileID: 1000013838074174}
  m_IsPrefabParent: 1
--- !u!1 &1000010013691588
GameObject:
  m_ObjectHideFlags: 1
  m_PrefabParentObject: {fileID: 0}
  m_PrefabInternal: {fileID: 100100000}
  serializedVersion: 4
  m_Component:
  - 4: {fileID: 4000010672355678}
  m_Layer: 0
  m_Name: Bone010
  m_TagString: Untagged
  m_Icon: {fileID: 0}
  m_NavMeshLayer: 0
  m_StaticEditorFlags: 0
  m_IsActive: 1
--- !u!1 &1000011976264162
GameObject:
  m_ObjectHideFlags: 1
  m_PrefabParentObject: {fileID: 0}
  m_PrefabInternal: {fileID: 100100000}
  serializedVersion: 4
  m_Component:
  - 4: {fileID: 4000013892843524}
  m_Layer: 0
  m_Name: Bone011
  m_TagString: Untagged
  m_Icon: {fileID: 0}
  m_NavMeshLayer: 0
  m_StaticEditorFlags: 0
  m_IsActive: 1
--- !u!1 &1000012544268114
GameObject:
  m_ObjectHideFlags: 0
  m_PrefabParentObject: {fileID: 0}
  m_PrefabInternal: {fileID: 100100000}
  serializedVersion: 4
  m_Component:
  - 4: {fileID: 4000010427996152}
  m_Layer: 0
  m_Name: Bone008
  m_TagString: Untagged
  m_Icon: {fileID: 0}
  m_NavMeshLayer: 0
  m_StaticEditorFlags: 0
  m_IsActive: 1
--- !u!1 &1000012818418314
GameObject:
  m_ObjectHideFlags: 1
  m_PrefabParentObject: {fileID: 0}
  m_PrefabInternal: {fileID: 100100000}
  serializedVersion: 4
  m_Component:
  - 4: {fileID: 4000012017407720}
  m_Layer: 0
  m_Name: Bone013
  m_TagString: Untagged
  m_Icon: {fileID: 0}
  m_NavMeshLayer: 0
  m_StaticEditorFlags: 0
  m_IsActive: 1
--- !u!1 &1000013018592630
GameObject:
  m_ObjectHideFlags: 1
  m_PrefabParentObject: {fileID: 0}
  m_PrefabInternal: {fileID: 100100000}
  serializedVersion: 4
  m_Component:
  - 4: {fileID: 4000013510050754}
  m_Layer: 0
  m_Name: Bone012
  m_TagString: Untagged
  m_Icon: {fileID: 0}
  m_NavMeshLayer: 0
  m_StaticEditorFlags: 0
  m_IsActive: 1
--- !u!1 &1000013502032946
GameObject:
  m_ObjectHideFlags: 1
  m_PrefabParentObject: {fileID: 0}
  m_PrefabInternal: {fileID: 100100000}
  serializedVersion: 4
  m_Component:
  - 4: {fileID: 4000013243558694}
  m_Layer: 0
  m_Name: Bone009
  m_TagString: Untagged
  m_Icon: {fileID: 0}
  m_NavMeshLayer: 0
  m_StaticEditorFlags: 0
  m_IsActive: 1
--- !u!1 &1000013838074174
GameObject:
  m_ObjectHideFlags: 0
  m_PrefabParentObject: {fileID: 0}
  m_PrefabInternal: {fileID: 100100000}
  serializedVersion: 4
  m_Component:
  - 4: {fileID: 4000013095159456}
  - 95: {fileID: 95000011341901530}
  m_Layer: 8
  m_Name: Arbre5
  m_TagString: Arbre
  m_Icon: {fileID: 0}
  m_NavMeshLayer: 0
  m_StaticEditorFlags: 0
  m_IsActive: 1
--- !u!1 &1000013922904350
GameObject:
  m_ObjectHideFlags: 1
  m_PrefabParentObject: {fileID: 0}
  m_PrefabInternal: {fileID: 100100000}
  serializedVersion: 4
  m_Component:
  - 4: {fileID: 4000012954518446}
  m_Layer: 0
  m_Name: Bone014
  m_TagString: Untagged
  m_Icon: {fileID: 0}
  m_NavMeshLayer: 0
  m_StaticEditorFlags: 0
  m_IsActive: 1
--- !u!1 &1000014218666208
GameObject:
  m_ObjectHideFlags: 0
  m_PrefabParentObject: {fileID: 0}
  m_PrefabInternal: {fileID: 100100000}
  serializedVersion: 4
  m_Component:
  - 4: {fileID: 4000012383758920}
  - 137: {fileID: 137000010047898778}
  - 64: {fileID: 64000010987750514}
  m_Layer: 8
  m_Name: Arbre5Low1
  m_TagString: Arbre
  m_Icon: {fileID: 0}
  m_NavMeshLayer: 0
  m_StaticEditorFlags: 0
  m_IsActive: 1
--- !u!4 &4000010427996152
Transform:
  m_ObjectHideFlags: 1
  m_PrefabParentObject: {fileID: 0}
  m_PrefabInternal: {fileID: 100100000}
  m_GameObject: {fileID: 1000012544268114}
  m_LocalRotation: {x: 0.6798734, y: -0.5658101, z: 0.1943517, w: -0.42409736}
  m_LocalPosition: {x: 0.3318302, y: 1.1692712, z: -0.4329493}
  m_LocalScale: {x: 0.9999999, y: 1.0000001, z: 0.9999997}
  m_LocalEulerAnglesHint: {x: 0, y: 0, z: 0}
  m_Children:
  - {fileID: 4000013243558694}
  m_Father: {fileID: 4000013095159456}
  m_RootOrder: 1
--- !u!4 &4000010672355678
Transform:
  m_ObjectHideFlags: 1
  m_PrefabParentObject: {fileID: 0}
  m_PrefabInternal: {fileID: 100100000}
  m_GameObject: {fileID: 1000010013691588}
  m_LocalRotation: {x: 0.05125257, y: -0.31504652, z: -0.02122647, w: 0.9474536}
  m_LocalPosition: {x: -2.3625484, y: 0.0000004005432, z: 0.0000002002716}
  m_LocalScale: {x: 0.9999996, y: 1, z: 0.99999976}
  m_LocalEulerAnglesHint: {x: 0, y: 0, z: 0}
  m_Children:
  - {fileID: 4000013892843524}
  m_Father: {fileID: 4000013243558694}
  m_RootOrder: 0
--- !u!4 &4000012017407720
Transform:
  m_ObjectHideFlags: 1
  m_PrefabParentObject: {fileID: 0}
  m_PrefabInternal: {fileID: 100100000}
  m_GameObject: {fileID: 1000012818418314}
  m_LocalRotation: {x: 0.28436583, y: -0.29434496, z: -0.26878, w: 0.8719257}
  m_LocalPosition: {x: -2.1625488, y: 0, z: 0.00000022888183}
  m_LocalScale: {x: 0.9999999, y: 0.99999994, z: 1.0000004}
  m_LocalEulerAnglesHint: {x: 0, y: 0, z: 0}
  m_Children:
  - {fileID: 4000012954518446}
  m_Father: {fileID: 4000013510050754}
  m_RootOrder: 0
--- !u!4 &4000012383758920
Transform:
  m_ObjectHideFlags: 1
  m_PrefabParentObject: {fileID: 0}
  m_PrefabInternal: {fileID: 100100000}
  m_GameObject: {fileID: 1000014218666208}
  m_LocalRotation: {x: 0.70636976, y: 0.017333368, z: 0.70724136, w: -0.023475716}
  m_LocalPosition: {x: -0, y: 0.00000022888183, z: 0}
  m_LocalScale: {x: 34.38984, y: 34.389843, z: 34.389847}
  m_LocalEulerAnglesHint: {x: 0, y: 0, z: 0}
  m_Children: []
  m_Father: {fileID: 4000013095159456}
  m_RootOrder: 0
--- !u!4 &4000012954518446
Transform:
  m_ObjectHideFlags: 1
  m_PrefabParentObject: {fileID: 0}
  m_PrefabInternal: {fileID: 100100000}
  m_GameObject: {fileID: 1000013922904350}
  m_LocalRotation: {x: -0.0000000149011585, y: -0.00000005960465, z: 0.000000048428777,
    w: 1}
  m_LocalPosition: {x: -2.7541766, y: -0.0000015163421, z: 0.00000045776366}
  m_LocalScale: {x: 0.9999999, y: 1, z: 0.99999976}
  m_LocalEulerAnglesHint: {x: 0, y: 0, z: 0}
  m_Children: []
  m_Father: {fileID: 4000012017407720}
  m_RootOrder: 0
--- !u!4 &4000013095159456
Transform:
  m_ObjectHideFlags: 1
  m_PrefabParentObject: {fileID: 0}
  m_PrefabInternal: {fileID: 100100000}
  m_GameObject: {fileID: 1000013838074174}
  m_LocalRotation: {x: 0.000000021855694, y: -0, z: -0, w: 1}
  m_LocalPosition: {x: -217.28293, y: 5.141384, z: -167.85596}
  m_LocalScale: {x: 1, y: 1, z: 1}
  m_LocalEulerAnglesHint: {x: 0, y: 0, z: 0}
  m_Children:
  - {fileID: 4000012383758920}
  - {fileID: 4000010427996152}
  m_Father: {fileID: 0}
  m_RootOrder: 0
--- !u!4 &4000013243558694
Transform:
  m_ObjectHideFlags: 1
  m_PrefabParentObject: {fileID: 0}
  m_PrefabInternal: {fileID: 100100000}
  m_GameObject: {fileID: 1000013502032946}
  m_LocalRotation: {x: 0.6540944, y: 0.10842086, z: -0.14503162, w: 0.734419}
  m_LocalPosition: {x: -1.518075, y: 0.0000001001358, z: -0.000000028610229}
  m_LocalScale: {x: 1.0000002, y: 1.0000001, z: 1.0000001}
  m_LocalEulerAnglesHint: {x: 0, y: 0, z: 0}
  m_Children:
  - {fileID: 4000010672355678}
  - {fileID: 4000013510050754}
  m_Father: {fileID: 4000010427996152}
  m_RootOrder: 0
--- !u!4 &4000013510050754
Transform:
  m_ObjectHideFlags: 1
  m_PrefabParentObject: {fileID: 0}
  m_PrefabInternal: {fileID: 100100000}
  m_GameObject: {fileID: 1000013018592630}
  m_LocalRotation: {x: 0.81763124, y: -0.123385474, z: -0.33226582, w: 0.45371202}
  m_LocalPosition: {x: -2.1248732, y: -0.26449254, z: 0.17314054}
  m_LocalScale: {x: 0.9999998, y: 0.9999996, z: 0.9999996}
  m_LocalEulerAnglesHint: {x: 0, y: 0, z: 0}
  m_Children:
  - {fileID: 4000012017407720}
  m_Father: {fileID: 4000013243558694}
  m_RootOrder: 1
--- !u!4 &4000013892843524
Transform:
  m_ObjectHideFlags: 1
  m_PrefabParentObject: {fileID: 0}
  m_PrefabInternal: {fileID: 100100000}
  m_GameObject: {fileID: 1000011976264162}
  m_LocalRotation: {x: -0.0000000102934505, y: -0.000000044703473, z: -0.000000013260833,
    w: 1}
  m_LocalPosition: {x: -3.153756, y: 0.00000016450882, z: -0.0000005149841}
  m_LocalScale: {x: 1.0000002, y: 1, z: 1.0000001}
  m_LocalEulerAnglesHint: {x: 0, y: 0, z: 0}
  m_Children: []
  m_Father: {fileID: 4000010672355678}
  m_RootOrder: 0
--- !u!64 &64000010987750514
MeshCollider:
  m_ObjectHideFlags: 1
  m_PrefabParentObject: {fileID: 0}
  m_PrefabInternal: {fileID: 100100000}
  m_GameObject: {fileID: 1000014218666208}
  m_Material: {fileID: 0}
  m_IsTrigger: 0
  m_Enabled: 1
  serializedVersion: 2
  m_Convex: 0
  m_Mesh: {fileID: 4300000, guid: e835702f45f458a449c0761be849e229, type: 3}
--- !u!95 &95000011341901530
Animator:
  serializedVersion: 3
  m_ObjectHideFlags: 1
  m_PrefabParentObject: {fileID: 0}
  m_PrefabInternal: {fileID: 100100000}
  m_GameObject: {fileID: 1000013838074174}
  m_Enabled: 1
  m_Avatar: {fileID: 9000000, guid: e835702f45f458a449c0761be849e229, type: 3}
  m_Controller: {fileID: 9100000, guid: 79fbe1c5a81ea724daaa3db705914a04, type: 2}
  m_CullingMode: 1
  m_UpdateMode: 0
  m_ApplyRootMotion: 0
  m_LinearVelocityBlending: 0
  m_WarningMessage: 
  m_HasTransformHierarchy: 1
  m_AllowConstantClipSamplingOptimization: 1
--- !u!137 &137000010047898778
SkinnedMeshRenderer:
  m_ObjectHideFlags: 1
  m_PrefabParentObject: {fileID: 0}
  m_PrefabInternal: {fileID: 100100000}
  m_GameObject: {fileID: 1000014218666208}
  m_Enabled: 1
  m_CastShadows: 1
  m_ReceiveShadows: 1
  m_MotionVectors: 1
  m_LightProbeUsage: 1
  m_ReflectionProbeUsage: 1
  m_Materials:
  - {fileID: 2100000, guid: 1e19e115b7d91074f847638a3ff2cd3a, type: 2}
  m_SubsetIndices: 
  m_StaticBatchRoot: {fileID: 0}
  m_ProbeAnchor: {fileID: 0}
  m_LightProbeVolumeOverride: {fileID: 0}
  m_ScaleInLightmap: 1
  m_PreserveUVs: 0
  m_IgnoreNormalsForChartDetection: 0
  m_ImportantGI: 0
  m_SelectedWireframeHidden: 0
  m_MinimumChartSize: 4
  m_AutoUVMaxDistance: 0.5
  m_AutoUVMaxAngle: 89
  m_LightmapParameters: {fileID: 0}
  m_SortingLayerID: 0
  m_SortingOrder: 0
  serializedVersion: 2
  m_Quality: 0
  m_UpdateWhenOffscreen: 0
  m_SkinnedMotionVectors: 1
  m_Mesh: {fileID: 4300000, guid: e835702f45f458a449c0761be849e229, type: 3}
  m_Bones:
  - {fileID: 4000010427996152}
  - {fileID: 4000012017407720}
  - {fileID: 4000010672355678}
  - {fileID: 4000013510050754}
  - {fileID: 4000013243558694}
  - {fileID: 4000012954518446}
  - {fileID: 4000013892843524}
  m_BlendShapeWeights: []
  m_RootBone: {fileID: 4000010427996152}
  m_AABB:
    m_Center: {x: -2.4029946, y: -0.39532864, z: 0.5245092}
    m_Extent: {x: 4.586118, y: 3.3519015, z: 4.3091993}
  m_DirtyAABB: 0
