%YAML 1.1
%TAG !u! tag:unity3d.com,2011:
--- !u!1001 &100100000
Prefab:
  m_ObjectHideFlags: 1
  serializedVersion: 2
  m_Modification:
    m_TransformParent: {fileID: 0}
    m_Modifications: []
    m_RemovedComponents: []
  m_ParentPrefab: {fileID: 0}
  m_RootGameObject: {fileID: 1000012264484672}
  m_IsPrefabParent: 1
--- !u!1 &1000010765242764
GameObject:
  m_ObjectHideFlags: 1
  m_PrefabParentObject: {fileID: 0}
  m_PrefabInternal: {fileID: 100100000}
  serializedVersion: 4
  m_Component:
  - 4: {fileID: 4000013155222540}
  m_Layer: 0
  m_Name: Bone021
  m_TagString: Untagged
  m_Icon: {fileID: 0}
  m_NavMeshLayer: 0
  m_StaticEditorFlags: 0
  m_IsActive: 1
--- !u!1 &1000011763374512
GameObject:
  m_ObjectHideFlags: 1
  m_PrefabParentObject: {fileID: 0}
  m_PrefabInternal: {fileID: 100100000}
  serializedVersion: 4
  m_Component:
  - 4: {fileID: 4000014019851540}
  m_Layer: 0
  m_Name: Bone022
  m_TagString: Untagged
  m_Icon: {fileID: 0}
  m_NavMeshLayer: 0
  m_StaticEditorFlags: 0
  m_IsActive: 1
--- !u!1 &1000011857137596
GameObject:
  m_ObjectHideFlags: 0
  m_PrefabParentObject: {fileID: 0}
  m_PrefabInternal: {fileID: 100100000}
  serializedVersion: 4
  m_Component:
  - 4: {fileID: 4000014257377746}
  m_Layer: 0
  m_Name: Bone018
  m_TagString: Untagged
  m_Icon: {fileID: 0}
  m_NavMeshLayer: 0
  m_StaticEditorFlags: 0
  m_IsActive: 1
--- !u!1 &1000012264484672
GameObject:
  m_ObjectHideFlags: 0
  m_PrefabParentObject: {fileID: 0}
  m_PrefabInternal: {fileID: 100100000}
  serializedVersion: 4
  m_Component:
  - 4: {fileID: 4000011783561170}
  - 95: {fileID: 95000010491100456}
  m_Layer: 0
  m_Name: ArbreDjibril
  m_TagString: Untagged
  m_Icon: {fileID: 0}
  m_NavMeshLayer: 0
  m_StaticEditorFlags: 0
  m_IsActive: 1
--- !u!1 &1000012691450898
GameObject:
  m_ObjectHideFlags: 0
  m_PrefabParentObject: {fileID: 0}
  m_PrefabInternal: {fileID: 100100000}
  serializedVersion: 4
  m_Component:
  - 4: {fileID: 4000010847822480}
  - 137: {fileID: 137000013772444046}
  - 64: {fileID: 64000012400579040}
  m_Layer: 8
  m_Name: ArbreDjibrilHigh
  m_TagString: Arbre
  m_Icon: {fileID: 0}
  m_NavMeshLayer: 0
  m_StaticEditorFlags: 0
  m_IsActive: 1
--- !u!1 &1000012718705394
GameObject:
  m_ObjectHideFlags: 1
  m_PrefabParentObject: {fileID: 0}
  m_PrefabInternal: {fileID: 100100000}
  serializedVersion: 4
  m_Component:
  - 4: {fileID: 4000010610027958}
  m_Layer: 0
  m_Name: Bone024
  m_TagString: Untagged
  m_Icon: {fileID: 0}
  m_NavMeshLayer: 0
  m_StaticEditorFlags: 0
  m_IsActive: 1
--- !u!1 &1000012949217332
GameObject:
  m_ObjectHideFlags: 1
  m_PrefabParentObject: {fileID: 0}
  m_PrefabInternal: {fileID: 100100000}
  serializedVersion: 4
  m_Component:
  - 4: {fileID: 4000012682436864}
  m_Layer: 0
  m_Name: Bone020
  m_TagString: Untagged
  m_Icon: {fileID: 0}
  m_NavMeshLayer: 0
  m_StaticEditorFlags: 0
  m_IsActive: 1
--- !u!1 &1000013591100586
GameObject:
  m_ObjectHideFlags: 1
  m_PrefabParentObject: {fileID: 0}
  m_PrefabInternal: {fileID: 100100000}
  serializedVersion: 4
  m_Component:
  - 4: {fileID: 4000012548000064}
  m_Layer: 0
  m_Name: Bone019
  m_TagString: Untagged
  m_Icon: {fileID: 0}
  m_NavMeshLayer: 0
  m_StaticEditorFlags: 0
  m_IsActive: 1
--- !u!1 &1000013892886850
GameObject:
  m_ObjectHideFlags: 1
  m_PrefabParentObject: {fileID: 0}
  m_PrefabInternal: {fileID: 100100000}
  serializedVersion: 4
  m_Component:
  - 4: {fileID: 4000011283195922}
  m_Layer: 0
  m_Name: Bone025
  m_TagString: Untagged
  m_Icon: {fileID: 0}
  m_NavMeshLayer: 0
  m_StaticEditorFlags: 0
  m_IsActive: 1
--- !u!1 &1000014058959424
GameObject:
  m_ObjectHideFlags: 1
  m_PrefabParentObject: {fileID: 0}
  m_PrefabInternal: {fileID: 100100000}
  serializedVersion: 4
  m_Component:
  - 4: {fileID: 4000011494651060}
  m_Layer: 0
  m_Name: Bone023
  m_TagString: Untagged
  m_Icon: {fileID: 0}
  m_NavMeshLayer: 0
  m_StaticEditorFlags: 0
  m_IsActive: 1
--- !u!4 &4000010610027958
Transform:
  m_ObjectHideFlags: 1
  m_PrefabParentObject: {fileID: 0}
  m_PrefabInternal: {fileID: 100100000}
  m_GameObject: {fileID: 1000012718705394}
  m_LocalRotation: {x: 0.29447395, y: -0.45230657, z: 0.5685195, w: 0.620878}
  m_LocalPosition: {x: -31.204102, y: 0.19998932, z: -0.20000839}
  m_LocalScale: {x: 1.0000001, y: 0.9999996, z: 1.0000001}
  m_LocalEulerAnglesHint: {x: 0, y: 0, z: 0}
  m_Children:
  - {fileID: 4000011283195922}
  m_Father: {fileID: 4000012682436864}
  m_RootOrder: 1
--- !u!4 &4000010847822480
Transform:
  m_ObjectHideFlags: 1
  m_PrefabParentObject: {fileID: 0}
  m_PrefabInternal: {fileID: 100100000}
  m_GameObject: {fileID: 1000012691450898}
  m_LocalRotation: {x: -0.7071068, y: 0, z: -0, w: 0.7071067}
  m_LocalPosition: {x: -0.00000047683716, y: 0, z: 0}
  m_LocalScale: {x: 0.050000012, y: 0.050000012, z: 0.050000012}
  m_LocalEulerAnglesHint: {x: 0, y: 0, z: 0}
  m_Children: []
  m_Father: {fileID: 4000011783561170}
  m_RootOrder: 0
--- !u!4 &4000011283195922
Transform:
  m_ObjectHideFlags: 1
  m_PrefabParentObject: {fileID: 0}
  m_PrefabInternal: {fileID: 100100000}
  m_GameObject: {fileID: 1000013892886850}
  m_LocalRotation: {x: -0.000000014901161, y: 0.0000000074505815, z: -0.000000014901161,
    w: 1}
  m_LocalPosition: {x: -50.045105, y: 0, z: -0.0000076293945}
  m_LocalScale: {x: 0.99999994, y: 1, z: 1}
  m_LocalEulerAnglesHint: {x: 0, y: 0, z: 0}
  m_Children: []
  m_Father: {fileID: 4000010610027958}
  m_RootOrder: 0
--- !u!4 &4000011494651060
Transform:
  m_ObjectHideFlags: 1
  m_PrefabParentObject: {fileID: 0}
  m_PrefabInternal: {fileID: 100100000}
  m_GameObject: {fileID: 1000014058959424}
  m_LocalRotation: {x: 0.000000007450583, y: 0.000000044703473, z: -0.00000008009372,
    w: 1}
  m_LocalPosition: {x: -83.57145, y: -0.00018310547, z: -0.000015258789}
  m_LocalScale: {x: 1.0000002, y: 1.0000001, z: 1.0000001}
  m_LocalEulerAnglesHint: {x: 0, y: 0, z: 0}
  m_Children: []
  m_Father: {fileID: 4000014019851540}
  m_RootOrder: 0
--- !u!4 &4000011783561170
Transform:
  m_ObjectHideFlags: 1
  m_PrefabParentObject: {fileID: 0}
  m_PrefabInternal: {fileID: 100100000}
  m_GameObject: {fileID: 1000012264484672}
  m_LocalRotation: {x: 0, y: -0, z: -0, w: 1}
  m_LocalPosition: {x: -45.183537, y: -4.0191574, z: -215.34756}
  m_LocalScale: {x: 1, y: 1, z: 1}
  m_LocalEulerAnglesHint: {x: 0, y: 0, z: 0}
  m_Children:
  - {fileID: 4000010847822480}
  - {fileID: 4000014257377746}
  m_Father: {fileID: 0}
  m_RootOrder: 0
--- !u!4 &4000012548000064
Transform:
  m_ObjectHideFlags: 1
  m_PrefabParentObject: {fileID: 0}
  m_PrefabInternal: {fileID: 100100000}
  m_GameObject: {fileID: 1000013591100586}
  m_LocalRotation: {x: 0.4750713, y: 0.11916805, z: -0.36036626, w: 0.79387814}
  m_LocalPosition: {x: -20.109612, y: -0.00050354004, z: -0.00048828125}
  m_LocalScale: {x: 0.9999998, y: 0.99999994, z: 1}
  m_LocalEulerAnglesHint: {x: 0, y: 0, z: 0}
  m_Children:
  - {fileID: 4000012682436864}
  m_Father: {fileID: 4000014257377746}
  m_RootOrder: 0
--- !u!4 &4000012682436864
Transform:
  m_ObjectHideFlags: 1
  m_PrefabParentObject: {fileID: 0}
  m_PrefabInternal: {fileID: 100100000}
  m_GameObject: {fileID: 1000012949217332}
  m_LocalRotation: {x: -8.182611e-11, y: 4.6566134e-10, z: -0.0000000022079585, w: 1}
  m_LocalPosition: {x: -32.330566, y: 0.004638672, z: 0.00011444092}
  m_LocalScale: {x: 0.99999994, y: 0.9999999, z: 1.0000001}
  m_LocalEulerAnglesHint: {x: 0, y: 0, z: 0}
  m_Children:
  - {fileID: 4000013155222540}
  - {fileID: 4000010610027958}
  m_Father: {fileID: 4000012548000064}
  m_RootOrder: 0
--- !u!4 &4000013155222540
Transform:
  m_ObjectHideFlags: 1
  m_PrefabParentObject: {fileID: 0}
  m_PrefabInternal: {fileID: 100100000}
  m_GameObject: {fileID: 1000010765242764}
  m_LocalRotation: {x: 0.28981155, y: 0.03233575, z: -0.30940238, w: 0.90511537}
  m_LocalPosition: {x: -31.204132, y: 0.000022888184, z: 0.0000038146973}
  m_LocalScale: {x: 1.0000001, y: 0.99999994, z: 1}
  m_LocalEulerAnglesHint: {x: 0, y: 0, z: 0}
  m_Children:
  - {fileID: 4000014019851540}
  m_Father: {fileID: 4000012682436864}
  m_RootOrder: 0
--- !u!4 &4000014019851540
Transform:
  m_ObjectHideFlags: 1
  m_PrefabParentObject: {fileID: 0}
  m_PrefabInternal: {fileID: 100100000}
  m_GameObject: {fileID: 1000011763374512}
  m_LocalRotation: {x: -0.043141082, y: -0.40719286, z: 0.78098667, w: 0.4715854}
  m_LocalPosition: {x: -87.84906, y: 0, z: -0.000015258789}
  m_LocalScale: {x: 0.9999998, y: 1.0000001, z: 0.99999964}
  m_LocalEulerAnglesHint: {x: 0, y: 0, z: 0}
  m_Children:
  - {fileID: 4000011494651060}
  m_Father: {fileID: 4000013155222540}
  m_RootOrder: 0
--- !u!4 &4000014257377746
Transform:
  m_ObjectHideFlags: 1
  m_PrefabParentObject: {fileID: 0}
  m_PrefabInternal: {fileID: 100100000}
  m_GameObject: {fileID: 1000011857137596}
  m_LocalRotation: {x: 0.3103535, y: -0.32899284, z: -0.5241197, w: 0.72162527}
  m_LocalPosition: {x: -0.00000047683716, y: 0, z: 0}
  m_LocalScale: {x: 0.050000004, y: 0.04999998, z: 0.05000002}
  m_LocalEulerAnglesHint: {x: 0, y: 0, z: 0}
  m_Children:
  - {fileID: 4000012548000064}
  m_Father: {fileID: 4000011783561170}
  m_RootOrder: 1
--- !u!64 &64000012400579040
MeshCollider:
  m_ObjectHideFlags: 1
  m_PrefabParentObject: {fileID: 0}
  m_PrefabInternal: {fileID: 100100000}
  m_GameObject: {fileID: 1000012691450898}
  m_Material: {fileID: 0}
  m_IsTrigger: 0
  m_Enabled: 1
  serializedVersion: 2
  m_Convex: 0
  m_Mesh: {fileID: 4300000, guid: 7722f0fb8fac4224181699d947ad0045, type: 3}
--- !u!95 &95000010491100456
Animator:
  serializedVersion: 3
  m_ObjectHideFlags: 1
  m_PrefabParentObject: {fileID: 0}
  m_PrefabInternal: {fileID: 100100000}
  m_GameObject: {fileID: 1000012264484672}
  m_Enabled: 1
  m_Avatar: {fileID: 9000000, guid: 7722f0fb8fac4224181699d947ad0045, type: 3}
  m_Controller: {fileID: 9100000, guid: 521af5b8fb7c08e40b12c95df7c10c89, type: 2}
  m_CullingMode: 1
  m_UpdateMode: 0
  m_ApplyRootMotion: 0
  m_LinearVelocityBlending: 0
  m_WarningMessage: 
  m_HasTransformHierarchy: 1
  m_AllowConstantClipSamplingOptimization: 1
--- !u!137 &137000013772444046
SkinnedMeshRenderer:
  m_ObjectHideFlags: 1
  m_PrefabParentObject: {fileID: 0}
  m_PrefabInternal: {fileID: 100100000}
  m_GameObject: {fileID: 1000012691450898}
  m_Enabled: 1
  m_CastShadows: 1
  m_ReceiveShadows: 1
  m_MotionVectors: 1
  m_LightProbeUsage: 1
  m_ReflectionProbeUsage: 1
  m_Materials:
  - {fileID: 2100000, guid: c728523f597c0df44b502762a4cb1ed4, type: 2}
  m_SubsetIndices: 
  m_StaticBatchRoot: {fileID: 0}
  m_ProbeAnchor: {fileID: 0}
  m_LightProbeVolumeOverride: {fileID: 0}
  m_ScaleInLightmap: 1
  m_PreserveUVs: 0
  m_IgnoreNormalsForChartDetection: 0
  m_ImportantGI: 0
  m_SelectedWireframeHidden: 0
  m_MinimumChartSize: 4
  m_AutoUVMaxDistance: 0.5
  m_AutoUVMaxAngle: 89
  m_LightmapParameters: {fileID: 0}
  m_SortingLayerID: 0
  m_SortingOrder: 0
  serializedVersion: 2
  m_Quality: 0
  m_UpdateWhenOffscreen: 0
  m_SkinnedMotionVectors: 1
  m_Mesh: {fileID: 4300000, guid: 7722f0fb8fac4224181699d947ad0045, type: 3}
  m_Bones:
  - {fileID: 4000014019851540}
  - {fileID: 4000013155222540}
  - {fileID: 4000010610027958}
  - {fileID: 4000012548000064}
  - {fileID: 4000011283195922}
  - {fileID: 4000012682436864}
  - {fileID: 4000014257377746}
  m_BlendShapeWeights: []
  m_RootBone: {fileID: 4000014257377746}
  m_AABB:
    m_Center: {x: -66.2807, y: 43.53215, z: 44.79143}
    m_Extent: {x: 75.45792, y: 76.02142, z: 87.977325}
  m_DirtyAABB: 0
